3000 4316
274 363 315 426 12
584 373 613 420 r.
641 368 814 419 conunnu
835 368 961 418 mern

273 546 419 606 osvinus
443 545 544 620 serris,
571 545 703 620 agnava
728 542 925 602 Britanniam
949 541 1133 618 disciplina:
1163 542 1272 601 eadem
1342 527 1347 533 '

273 651 387 711 inertia
417 669 491 726 erga
518 650 628 724 hostis,
655 649 768 709 similis
796 647 973 726 petulantia
1000 652 1181 722 castrorum,
1209 646 1272 706 nisi

273 757 356 835 quod
376 755 523 815 innocens
546 755 683 814 Bolanus
706 761 737 814 et
757 753 854 813 nullis
876 751 1001 812 delictis
1021 751 1143 812 invisus
1163 752 1273 812 carita-

272 867 336 922 tem
358 867 522 939 paraverat
543 859 610 919 loco
632 859 836 919 auctoritatis.

172 953 201 1002 ⁸
245 981 260 1026 s
313 966 360 1027 1⁷.
390 966 451 1027 Sed
475 966 529 1026 ubi
554 984 623 1025 eum
648 969 750 1024 cetero
771 965 843 1024 orbe
863 963 1076 1041 Vespasianus
1098 969 1131 1022 et
1151 963 1273 1023 Britan-

272 1074 358 1133 niam
378 1072 573 1150 reciperavit,
595 1071 701 1146 magui
727 1071 828 1144 duces,
850 1070 967 1146 egregii
990 1069 1145 1129 exercitus
1167 1075 1198 1128 et
1218 1069 1273 1127 mi-

273 1185 350 1239 nuta
363 1177 501 1238 hostium
516 1195 595 1254 spes.
637 1175 701 1255 [et]
717 1177 880 1234 Terrorem
892 1175 998 1234 statim
1014 1174 1124 1234 intulit
1138 1174 1272 1234 Petilius

273 1283 412 1358 Cerialis,
449 1283 646 1358 Brigantium
688 1281 859 1355 civitatem,
898 1298 977 1358 quae
1018 1279 1273 1339 numerosissima

272 1388 453 1466 provinciae
475 1388 572 1448 totius
593 1386 784 1464 perhibetur,
806 1386 979 1460 adgressus.
1031 1385 1134 1445 Multa
1154 1384 1274 1462 proelia

232 1507 261 1553 10
273 1501 305 1555 et
333 1495 501 1571 aliquando
528 1513 591 1552 uon
622 1492 801 1566 incruenta3
837 1508 1058 1568 magnamque,
1074 1491 1272 1566 Brigantium

273 1607 393 1679 partem
409 1606 463 1659 aut
476 1599 608 1659 victoria
627 1598 789 1675 amplexus
809 1602 857 1656 est
875 1603 930 1656 aut
948 1596 1038 1656 bello.
1082 1598 1125 1656 Et
1139 1596 1272 1658 Cerialis

274 1707 400 1784 quidem
417 1706 547 1766 alterius
569 1704 753 1764 successoris
772 1721 880 1763 curam
898 1703 1078 1780 famamque
1099 1702 1270 1762 obruisset:

275 1811 484 1889 sustinuitque
505 1810 618 1869 molem
639 1808 741 1868 Iulius
760 1808 939 1880 Frontinus,
955 1809 1005 1867 vir
1023 1825 1163 1883 magnus,
1179 1825 1273 1884 quan·
1362 1877 1372 1892 ‚

274 1922 341 1975 tum
362 1916 485 1990 licebat,
508 1915 707 1991 validamque
732 1920 763 1973 et
788 1932 961 1990 pugnacem
985 1912 1123 1973 Silurum
1148 1918 1272 1991 gentem

232 2037 261 2082 15
273 2023 367 2083 armis
391 2021 521 2096 subegit,
545 2039 636 2098 super
659 2019 808 2077 virtutem
832 2018 970 2079 hostium
992 2018 1129 2078 locorum
1147 2037 1272 2096 quoque

274 2127 473 2187 difficultates
488 2126 650 2184 eluctatus.
1224 2196 1252 2242 l

378 2313 531 2376 Acricelc's
548 2311 826 2374 :administrationes
839 2311 950 2362 Britain
970 2309 1065 2373 (vs-83
1082 2311 1166 2375 am).

314 2428 361 2488 18.
391 2429 485 2486 Hune
500 2426 683 2486 Britanniae
698 2430 824 2498 statum,
836 2425 894 2485 has
907 2425 1060 2485 bellorum
1071 2425 1155 2486 vices
1170 2426 1274 2486 media

247 2593 249 2596 ,
274 2535 335 2594 iam
350 2539 468 2593 aestate
482 2538 694 2607 transgressus
709 2530 857 2606 Agricola
870 2531 1001 2604 invenit,
1017 2550 1087 2590 curn
1102 2537 1134 2590 et
1155 2531 1272 2592 milites

274 2639 362 2704 velut
386 2639 501 2698 omissa
526 2636 724 2714 expeditione
749 2637 789 2695 ad
817 2635 1015 2696 securitatem
1041 2643 1072 2694 et
1100 2636 1205 2696 hostes
1233 2637 1274 2696 ad

233 2762 262 2806 ae
274 2745 464 2804 occasionem
480 2747 682 2801 verterentur.
726 2741 914 2800 Ordovicum
935 2740 1047 2800 civitas
1068 2741 1153 2800 haud
1173 2741 1273 2802 multo

275 2856 347 2910 aute
368 2850 535 2908 adventum
558 2846 625 2906 eius
648 2846 728 2906 alam
747 2845 912 2906 infinibus
930 2846 995 2905 suis
1015 2851 1158 2922 agentem
1176 2865 1272 2925 prope

274 2956 449 3014 universam
473 2951 653 3026 obtriverat,
669 2969 765 3029 eoque
786 2950 878 3010 initio
899 2957 1002 3010 erecta
1019 2951 1188 3028 provincia.
1231 2953 1273 3010 Et

275 3061 387 3137 quibus
410 3058 527 3119 bellum
548 3057 726 3117 volentibus
758 3062 834 3129 erat,
866 3056 996 3133 probare
1028 3057 1205 3135 exemplum
1237 3075 1273 3116 ac

275 3165 408 3224 recentis
433 3163 529 3240 legati
554 3163 691 3223 animum
717 3161 862 3238 opperiri,
889 3180 958 3220 cum
987 3161 1143 3236 Agricola,
1169 3181 1274 3237 quam-

234 3291 261 3334 25
275 3289 368 3348 quarn
391 3274 569 3329 transvecta
593 3273 703 3342 aestas,
726 3266 827 3343 sparsi
852 3285 907 3343 per
928 3266 1120 3342 provinciam
1142 3267 1296 3347 numeril

276 3379 477 3453 praesumpta
504 3373 586 3450 apud
614 3372 747 3432 militem
775 3371 862 3432 illius
895 3370 969 3430 anni
997 3372 1095 3448 quies,
1124 3372 1214 3431 tarda
1242 3378 1274 3432 et

276 3479 431 3540 contraria
451 3478 568 3538 bellum
590 3477 780 3550 incohatum,
805 3481 836 3535 et
857 3475 1016 3553 plerisque
1038 3477 1188 3536 custodiri
1211 3496 1275 3536 sus-

275 3592 366 3665 pecta
390 3584 493 3662 potius
518 3583 692 3656 videbatur,
717 3582 762 3640 ire
791 3581 914 3640 obviam
943 3581 1116 3641 discrimini
1145 3583 1271 3658 statuit3

275 3690 503 3766 contractisque
533 3689 690 3764 legionum
719 3687 844 3746 vexillis
876 3692 907 3745 et
938 3687 1057 3745 modica
1087 3687 1271 3747 auxiliorum

235 3819 263 3863 30
276 3816 379 3870 manu,
399 3795 473 3871 quia
491 3794 523 3852 in
543 3811 672 3869 aequum
695 3792 821 3866 degredi
837 3791 1005 3852 Ordovices
1023 3811 1086 3850 non
1108 3793 1273 3868 audebant,
