3000 4316
620 357 817 409 roriconi.
1177 349 1219 415 25

189 551 191 560 ’
217 532 387 610 virtusque.
438 533 610 611 Postquam
633 531 722 592 silvis
745 533 1084 611 adpropinquaverunt,
1108 533 1219 594 identi-

216 637 289 697 dem
300 637 417 716 primos
428 637 626 716 sequentium
640 637 782 697 incautos
794 638 927 697 conlecti
939 643 970 697 et
980 638 1118 698 locorum
1129 639 1218 715 gnari

216 743 508 803 circumveniebant.
565 732 654 813 Quod
681 743 714 800 ni
745 744 893 820 frequens
922 743 1038 820 ubique
1071 743 1218 820 Agricola

215 849 337 909 validas
359 854 391 908 et
411 848 575 926 expeditas
598 847 735 908 cohortis
758 848 920 928 'indaginis
942 849 1042 923 modo,
1065 854 1097 908 et
1118 849 1217 910 sicubi

216 954 332 1013 artiora
364 959 463 1029 eraut,
493 959 615 1031 partem
647 953 789 1030 equitnm
824 952 962 1013 dimissis
996 953 1093 1030 equis,
1122 954 1245 1014 simule

216 1059 348 1119 rariores
377 1059 474 1118 silvas
502 1058 639 1136 equitem
671 1057 845 1135 persultare
873 1058 1027 1133 iussisset,
1056 1066 1217 1138 acceptum

215 1163 342 1241 aliquod
359 1164 473 1224 vulnus
493 1183 548 1242 per
563 1162 692 1222 nimiam
707 1162 853 1222 fiduciam
868 1163 958 1222 foret.
1002 1165 1148 1224 Ceterum
1161 1166 1216 1226 ubi

215 1269 403 1352 compositos
417 1269 515 1330 firmis
530 1267 691 1328 ordinibus
707 1267 795 1345 sequi
810 1287 917 1328 rursus
932 1268 1047 1343 videre,
1059 1269 1093 1328 in
1107 1271 1215 1346 fugam

214 1374 307 1448 versi,
328 1393 391 1433 non
413 1373 599 1450 agminibus,
621 1379 657 1432 ut
680 1373 776 1450 prius,
799 1391 855 1432 nec
877 1373 958 1433 alius
979 1373 1077 1433 alium
1098 1393 1216 1452 respec

214 1484 326 1553 tentes,
349 1479 411 1538 rari
432 1484 464 1538 et
484 1478 649 1540 vitabundi
668 1477 702 1536 in
721 1478 821 1537 vicem
841 1477 1013 1556 longinqua
1031 1485 1125 1556 atque
1144 1481 1216 1540 avia
1229 1495 1258 1540 10

214 1584 339 1663 petiere.
389 1584 479 1644 Finis
507 1583 658 1661 sequendi
685 1602 747 1641 nox
776 1588 808 1642 et
836 1583 964 1643 satietas
993 1583 1063 1643 fuit.
1117 1585 1215 1646 (laesa

213 1689 351 1749 hostium
372 1689 412 1749 ad
433 1689 538 1748 decem
563 1688 668 1748 milia:
699 1694 875 1747 nostrorum
896 1689 1028 1747 trecenti
1051 1690 1215 1764 sexaginta

214 1795 362 1870 cecidere,
377 1795 409 1854 in
425 1795 496 1874 quis
511 1795 613 1871 Aulus
628 1794 762 1869 Atticus,
779 1795 956 1871 praefectus
971 1794 1116 1870 cohortis,
1132 1796 1215 1854 iuve-

213 1901 272 1959 nili
287 1902 395 1960 ardore
410 1907 442 1960 et
456 1900 574 1960 ferocia
588 1900 660 1978 equi
673 1899 816 1959 hostibus
831 1899 956 1959 inlatus.

254 2005 300 2066 38.
331 2008 373 2065 Et
388 2026 450 2065 nox
465 2006 592 2083 quidem
607 2005 720 2080 gaudio
734 2005 911 2082 praedaque
926 2005 1009 2063 laeta
1023 2005 1211 2065 victoribus:
1227 2017 1255 2062 15

213 2112 359 2171 Britanni
372 2111 514 2188 palantes
526 2111 687 2187 mixtoque
698 2111 836 2169 virorum
848 2109 1075 2186 mulierumque
1090 2110 1221 2186 ploratu·

212 2216 335 2275 trahere
357 2216 545 2289 vulneratos,
570 2233 679 2274 vocare
708 2215 855 2290 integros,
879 2215 1021 2273 deserere
1046 2215 1153 2274 domos
1178 2235 1213 2275 ac

214 2341 268 2399 per
282 2322 360 2380 iram
376 2321 459 2380 ultro
478 2321 653 2394 incendere,
669 2320 783 2395 eligere
799 2319 934 2379 latebras
950 2324 981 2378 et
996 2319 1103 2379 statim
1123 2319 1214 2378 relin-

212 2444 323 2502 quere;
353 2425 481 2484 miscere
502 2425 534 2482 in
555 2425 652 2483 viceni
674 2415 805 2483 consilia
826 2423 941 2500 aliqua,
957 2423 1030 2482 dein
1051 2442 1211 2500 separare3

212 2531 381 2608 aliquando
396 2530 498 2604 frangi
515 2529 665 2606 adspectu
679 2528 845 2606 pignorum
860 2546 995 2608 suerum,
1008 2528 1131 2605 saepius
1147 2547 1214 2587 con·
1228 2540 1257 2584 20

214 2635 312 2694 citari.
358 2635 502 2715 Satisque
521 2633 684 2694 constabat
702 2633 838 2692 saevisse
854 2633 1005 2710 quosdam
1019 2633 1053 2692 in
1067 2633 1213 2708 coniuges

214 2759 248 2798 ac
263 2740 385 2814 liberos,
398 2745 557 2816 tamquam
573 2737 802 2798 misererentur.
839 2737 1005 2798 Proximus
1021 2739 1088 2798 dies
1100 2739 1211 2799 faciem

213 2843 362 2904 victoriae
377 2843 473 2904 latius
488 2843 625 2921 aperuit:
649 2847 773 2902 vastum
787 2841 904 2919 ubique
919 2841 1089 2918 silentium,
1102 2845 1213 2909 secreti

212 2949 317 3024 colles,
329 2949 485 3008 fumantia
496 2947 603 3026 procul
618 2953 710 3021 tecta,
722 2966 813 3006 nemo
828 2947 1078 3024 exploratoribus
1093 2949 1211 3010 obvius.

212 3055 331 3124 Quibus
359 3056 393 3113 in
417 3072 539 3113 omnem
567 3058 689 3130 partem
716 3053 865 3127 dimissis,
891 3052 945 3134 ubi
973 3053 1093 3113 incerta
1119 3053 1212 3129 fugae
1226 3071 1254 3116 25

211 3160 346 3237 vestigia
365 3177 466 3236 neque
487 3177 619 3236 usquam
636 3156 815 3234 conglobari
831 3156 938 3218 hostes
955 3164 1148 3235 compertum
1167 3158 1213 3237 (et

212 3270 321 3324 exacta
353 3265 414 3324 iam
444 3269 561 3324 aestate
591 3263 696 3341 spargi
724 3262 841 3322 bellum
868 3261 1043 3344 nequibat),
1075 3263 1109 3322 in
1135 3261 1208 3323 finis

177 3431 180 3435 ,
212 3371 410 3430 Borestorum
437 3369 608 3428 exercitum
633 3368 767 3428 deducit.
811 3367 861 3436 Ibi
884 3366 1020 3444 acceptis
1041 3368 1210 3443 obsidibus,

194 3547 196 3552 Ι
210 3475 369 3552 praefecto
380 3475 489 3535 classis
500 3473 692 3534 circumvehi
704 3472 901 3533 Britanniam
913 3472 1075 3550 praecipit.
1110 3475 1211 3534 Datae

211 3581 250 3640 ad
271 3581 305 3640 id
325 3581 417 3656 vires,
440 3585 472 3640 et
492 3585 703 3658 praecesserat
723 3585 831 3639 terror.
874 3579 948 3657 Ipse
970 3577 1092 3654 pedites
1118 3583 1211 3656 atque
1225 3599 1254 3644 30

210 3686 332 3763 equites
357 3685 442 3745 lento
462 3685 584 3760 itinere,
606 3704 667 3762 quo
689 3703 838 3744 novarum
862 3683 1001 3758 gentium
1023 3683 1120 3743 animi
1142 3683 1212 3760 ipsa

210 3779 362 3850 transitus
377 3809 464 3851 mora
477 3794 677 3864 terrerentur,
689 3789 722 3847 in
737 3788 877 3848 hibernis
892 3786 1016 3846 locavit.
1059 3788 1102 3847 Et
1116 3787 1209 3850 simul
