3000 4316
635 363 832 415 Aouroorn.
1194 359 1234 422 31

232 538 373 600 adsidere
388 537 572 613 valetudini,
588 539 696 598 fovere
711 538 916 614 deficientem,
929 540 1038 600 satiari
1052 540 1143 602 vultu
1157 560 1236 603 oom-

231 645 387 723 plexuque
418 663 482 703 non
511 643 651 720 contigit.
705 644 945 722 Excepisscmus
973 652 1057 706 carte
1086 648 1235 708 mandata

230 767 391 827 vocesque,
414 768 492 827 quas
521 743 649 828 penitus
678 749 782 810 animo
811 735 985 827 figeremus.
1041 753 1158 812 Noster
1181 752 1234 814 hio

231 855 327 929 dolor,
348 860 490 915 nostrum
510 855 635 930 vulnus,
658 855 748 916 nobis
769 862 834 916 tam
856 855 966 932 longae
988 857 1148 918 absentiae
1164 877 1234 918 con-

229 958 351 1020 dicione
378 966 452 1020 ante
480 960 723 1039 quadriennium
750 961 883 1021 amissus
911 967 966 1022 cst.
1024 962 1137 1023 Omnia
1165 965 1260 1024 sines

229 1067 332 1141 dubio,
358 1066 475 1143 optime
502 1072 676 1143 parentum,
704 1067 866 1126 adsidente
898 1067 1116 1128 amantissima
1136 1089 1232 1130 uxore
1278 1151 1280 1157 k

229 1170 411 1249 superfuere
428 1171 539 1231 honori
559 1177 630 1231 tuo:
659 1171 858 1249 paucioribus
877 1177 984 1232 tamen
1001 1173 1138 1234 lacrimis
1154 1193 1232 1234 oom-

228 1274 369 1352 ploratus
390 1294 423 1336 es
455 1282 487 1336 et
510 1255 684 1338 novissima
707 1276 742 1336 in
770 1277 839 1338 luce
866 1278 1082 1338 desideravere
1110 1279 1231 1357 aliquid

227 1381 310 1440 oculi
324 1381 380 1440 tui.

267 1485 316 1546 46.
347 1486 382 1546 Si
403 1485 474 1564 quis
495 1488 619 1564 piorum
640 1487 784 1548 manibus
806 1488 900 1564 locus,
919 1489 956 1565 si,
976 1477 1014 1548 ut
1035 1490 1230 1567 sapientibus
1245 1506 1273 1552 10

227 1591 339 1669 placet,
368 1610 431 1651 non
456 1611 526 1651 cum
550 1611 677 1670 corpore
699 1593 925 1668 extinguuntur
946 1613 1076 1670 magnae
1098 1597 1229 1673 animae,

227 1695 350 1773 placide
371 1696 523 1773 quiescas,
540 1716 659 1775 nosque
678 1703 711 1757 et
729 1699 856 1757 domum
877 1705 964 1759 tuam
985 1700 1024 1759 ab
1043 1700 1166 1762 infirmo
1181 1703 1231 1762 de

228 1801 343 1861 siderio
364 1808 397 1861 et
417 1802 621 1864 muliebribus
642 1803 790 1864 lamentis
807 1805 847 1864 ad
863 1805 1157 1884 contemplationem
1171 1808 1230 1867 vir-

226 1911 331 1967 tutum
347 1911 473 1967 tuarum
490 1927 590 1984 voces,
606 1927 684 1986 quas
703 1927 804 1987 neque
822 1909 923 1986 lugeri
940 1929 1040 1988 neque
1058 1911 1166 1989 plangi
1179 1913 1230 1974 fas

227 2017 283 2072 est.
326 2012 544 2073 Admiratione
563 2014 670 2092 potius
688 2019 721 2075 et
739 2013 960 2076 inmortalibus
978 2016 1123 2077 laudibus
1143 2023 1184 2093 et,
1202 2019 1229 2078 si
1243 2030 1271 2076 15

226 2123 339 2180 natura
374 2119 562 2197 suppeditet,
591 2119 801 2180 similitudine
816 2125 861 2190 ,te
889 2121 1044 2182 colamus:
1081 2123 1108 2183 is
1136 2142 1229 2202 verus

226 2223 334 2299 honos,
349 2243 387 2284 ea
401 2224 650 2286 coniunctissimi
667 2225 818 2304 cuiusque
838 2227 948 2305 pietas
991 2227 1031 2287 Id
1051 2227 1136 2288 filiae
1158 2248 1229 2306 quo

226 2347 287 2406 que
307 2329 459 2406 uxorique
480 2331 701 2408 praeceperim,
722 2331 766 2392 sio
791 2332 899 2410 patris,
918 2332 963 2393 sic
987 2333 1094 2392 mariti
1118 2353 1229 2394 memo

130 2417 131 2424 ἵ
226 2433 305 2493 riam
333 2435 484 2511 venerari,
513 2441 550 2495 ut
583 2436 688 2496 omnia
721 2437 807 2496 facta
842 2437 988 2514 dictaque
1023 2438 1090 2499 eius
1125 2457 1228 2500 secum

226 2539 398 2615 revolvant,
426 2541 622 2619 formamque
650 2559 685 2601 ao
715 2541 848 2618 figuram
878 2543 975 2602 animi
1004 2543 1105 2619 magis
1134 2564 1228 2623 quam
1241 2559 1271 2606 20

226 2645 364 2722 corporis
385 2646 642 2723 complectantur,
663 2665 726 2706 non
747 2646 822 2725 quia
842 2647 1098 2709 intercedendum
1119 2655 1227 2727 putem

225 2749 415 2826 imaginibus
440 2770 519 2827 quae
549 2770 701 2811 marmore
728 2757 783 2812 aut
804 2733 875 2812 aere
902 2753 1073 2829 finguntur,
1103 2756 1167 2830 sed,
1192 2761 1228 2815 ut

225 2855 332 2915 vultus
351 2854 522 2931 hominum,
543 2855 588 2916 ita
608 2856 775 2917 simulacra
792 2857 900 2918 vultus
922 2858 1079 2919 imbecilla
1096 2879 1132 2920 ac
1151 2880 1228 2920 mor·

225 2959 303 3019 talia
324 2965 406 3035 sunt,
423 2961 526 3021 forma
546 2962 662 3022 mentis
683 2969 818 3038 aeterna,
834 2982 927 3040 quam
948 2970 1054 3024 tenere
1076 2971 1108 3024 et
1129 2967 1228 3043 expri-

225 3083 309 3124 mere
327 3085 390 3125 non
408 3085 465 3144 per
484 3067 618 3126 alienam
636 3067 799 3128 materiam
818 3073 850 3128 et
869 3075 977 3144 artem,
998 3070 1053 3130 sed
1074 3069 1137 3130 tuis
1159 3071 1227 3149 ipse
1240 3083 1269 3128 25

224 3169 363 3231 moribus
379 3172 489 3248 possis.
532 3172 695 3251 Quidquid
712 3192 751 3232 ex
770 3173 918 3249 Agricola
937 3175 1119 3250 amavimus
1140 3176 1228 3252 quid-

225 3275 302 3352 quid
322 3275 428 3335 mirati
449 3296 565 3352 sumus,
587 3283 693 3337 manet
714 3296 957 3356 mansurumque
979 3286 1027 3341 est
1050 3280 1083 3338 in
1112 3281 1226 3342 animis

224 3379 394 3456 hominurn,
423 3381 457 3440 in
490 3382 677 3442 aeternitate
712 3389 896 3462 temporum,
925 3385 959 3443 in
993 3385 1080 3445 fama
1113 3405 1225 3445 rerum.

223 3485 307 3548 Nam
322 3486 438 3546 multos
456 3493 596 3546 veterum
616 3487 703 3548 velut
722 3488 871 3566 inglorios
892 3496 923 3550 et
945 3490 1092 3566 ignobilis
1109 3490 1226 3550 oblivio

223 3589 344 3650 obruit:
367 3590 516 3667 Agricola
539 3592 718 3670 posteritati
740 3600 885 3654 narratus
910 3601 942 3655 et
966 3594 1103 3656 traditus
1123 3611 1268 3672 super-³0

224 3700 288 3756 stes
310 3695 378 3757 erit.
