3000 4316
29 161 337 282 Novar
409 155 922 280 Supssssr‘urfig
992 122 1240 265 SUMUS

225 367 571 452 ww
618 370 812 436 aceruum.
857 341 1152 458 nullast<
1200 369 1219 432 3

433 556 597 617 Birthpluca
618 557 740 615 Parente,
761 557 846 618 narro
868 558 1008 620 Transibo.

259 671 286 730 4.
311 672 437 732 Gnaeus
461 671 563 730 Iulius
585 669 740 747 Agricola,
750 626 865 772 etere
887 611 933 733 etz·
943 672 1070 733 inlustri
1082 640 1219 762 Foroiu-

219 777 367 838 liensium
395 775 516 836 colonia
543 781 639 850 ortus,
669 782 835 854 utrumque
863 797 956 837 avum
987 783 1218 856 procuratorem

220 885 387 944 Caesarum
401 881 521 955 habuit,
533 900 613 958 quae
628 881 782 957 equestris
798 881 945 942 nobilitas
961 892 1016 944 est.
1060 885 1155 945 Pater
1169 885 1218 944 illi

220 987 321 1047 Iulius
350 986 532 1060 Graecinus
556 986 704 1046 senatorii
736 986 864 1060 ordinis,
889 988 995 1048 studio
1023 989 1219 1066 eloquentiae

221 1092 454 1169 sapientiaeque
482 1097 583 1165 notus,
613 1091 720 1168 eisque
748 1091 825 1167 ipsis
854 1092 1024 1154 virtutibus
1053 1094 1130 1155 iram
1160 1095 1247 1156 Gaio

221 1198 362 1258 Caesaris
387 1197 534 1256 meritus:
560 1215 694 1272 namque
717 1197 760 1255 M.
785 1196 927 1256 Silanum
950 1217 1093 1259 accusare
1116 1200 1219 1260 iussus

221 1309 260 1378 et,
279 1303 353 1379 quia
374 1302 533 1375 abnuerat,
549 1301 734 1361 interfectus
756 1307 812 1362 est.
855 1304 958 1363 Mater
979 1304 1063 1364 lulia
1083 1305 1220 1364 Procilla

220 1409 291 1483 fuit,
307 1426 394 1467 rarae
408 1407 571 1467 castitatis.
615 1407 655 1464 In
675 1406 769 1466 huius
787 1407 857 1468 sinu
874 1408 1132 1487 indulgentiaque
1150 1411 1220 1469 edu-

221 1519 308 1573 catus
326 1532 381 1590 per
403 1531 525 1572 omnem
539 1503 747 1572 honestarum
773 1512 887 1572 artium
911 1513 1030 1573 cultum
1053 1515 1220 1592 pueritiam

221 1618 528 1695 adulescentiamque
549 1617 710 1692 transegit.
757 1618 894 1678 Arcebat
908 1637 977 1678 eum
998 1619 1036 1678 ab
1055 1619 1220 1680 inlecebris
1234 1633 1262 1677 ro

221 1723 416 1802 peccantium
437 1729 560 1800 praeter
579 1722 678 1800 ipsius
699 1723 813 1782 bonam
832 1723 1047 1801 integramque
1066 1732 1219 1800 naturam,

221 1829 303 1906 quod
332 1806 440 1888 statim
468 1828 617 1906 parvulus
645 1829 750 1888 sedern
778 1847 813 1887 ac
841 1829 1024 1905 magistram
1046 1830 1220 1890 studiorum

221 1933 396 1994 Massiliam
418 1934 537 2008 habuit,
559 1934 662 1993 locum
684 1934 804 2023 Graeca
822 1934 968 2024 comitate
986 1940 1018 1994 et
1035 1936 1220 2011 provinciali

221 2039 412 2117 parsimonia
422 2039 556 2123 mixtum
571 2057 606 2104 ac
620 2040 698 2121 bene
709 2015 922 2132 compositum.
966 2041 1119 2100 Memoria
1129 2047 1220 2100 teneo

221 2145 350 2205 solitum
378 2144 482 2221 ipsum
511 2163 637 2204 narrare
667 2163 699 2204 se
729 2145 832 2221 prima
860 2145 894 2203 in
923 2145 1052 2204 iuventa
1081 2145 1220 2206 studium
1235 2160 1263 2204 15

221 2249 438 2328 philosophiae
460 2251 570 2325 acrius,
592 2250 736 2327 ultraque
759 2269 852 2326 quam
873 2269 1053 2310 concessum
1078 2252 1220 2310 Romano

224 2357 281 2436 [ac.
291 2356 455 2437 senatori],
470 2356 622 2429 hausisse,
641 2355 675 2413 ni
693 2355 862 2432 prudentia
883 2355 991 2416 matris
1007 2355 1168 2415 incensum
1184 2373 1220 2416 ao

221 2463 405 2538 flagrantem
420 2461 558 2520 animuin
572 2461 766 2520 coercuisset.
807 2461 932 2520 Scilicet
948 2461 1080 2521 sublime
1095 2467 1127 2521 et
1142 2480 1221 2522 erec-

220 2575 288 2629 tum
310 2569 469 2644 ingenium
491 2566 756 2645 pulchritudinem
775 2585 810 2625 ac
826 2566 960 2632 seciem
975 2585 1104 2642 maguae
1123 2568 1221 2626 excel-

221 2692 334 2751 sasque
348 2659 464 2749 gloriae
507 2695 625 2731 ’ναι-ι
671 2696 693 2729 f
717 2696 725 2725 ι
760 2696 798 2724 ,ι
945 2671 1100 2732 detcbat.
1144 2644 1263 2731 Monac

576 3060 700 3121 Militum
722 3060 861 3122 Trutuiup.

260 3170 287 3230 5.
317 3169 426 3228 Prima
445 3173 617 3228 castrorum
638 3166 817 3225 rudimenta
833 3166 867 3225 in
887 3166 1054 3226 Britannia
1072 3155 1220 3246 {suetonio
1244 3184 1463 3262 ‹sgpssm

219 3275 362 3350 Paulino,
380 3272 527 3348 diligenti
548 3290 583 3332 aa
605 3271 765 3331 moderato
787 3271 867 3345 duci,
889 3271 1083 3348 adprobavit,
1103 3271 1220 3332 electus
1256 3278 1467 3355 vast-son

219 3400 312 3458 quem
341 3377 544 3441 contubernio
572 3377 760 3436 aestimaret.
812 3377 843 3435 N
846 3395 879 3436 co
905 3376 1051 3452 Agricola
1079 3376 1219 3451 licenter,
1233 3374 1479 3452 ἳόιΕθΛτοβ·

219 3505 303 3546 more
325 3485 472 3543 iuvenum
494 3482 548 3560 qui
570 3481 716 3541 militiam
738 3482 772 3540 in
790 3481 952 3542 lasciviam
967 3486 1104 3556 vertunt,
1117 3498 1220 3559 neque
1233 3475 1261 3530 l*
1275 3466 1452 3541 56101119

219 3591 357 3667 segniter
376 3589 416 3648 ad
430 3588 607 3665 voluptates
628 3593 660 3648 et
689 3592 867 3647 conmeatus
889 3587 1018 3647 titulum
1040 3586 1219 3647 tribunatus
1256 3588 1487 3676 ιΕΘΑτυς.

219 3702 252 3755 et
270 3695 427 3755 inscitiam
445 3693 587 3753 rettulit:
611 3693 666 3752 sed
679 3710 804 3752 noscere
820 3692 1021 3768 provinciam,
1037 3690 1123 3751 nosci
1137 3710 1220 3750 exer·
1232 3695 1279 3748 ct
1290 3687 1487 3776 lii-um

220 3800 306 3882 citui,
325 3800 443 3860 discere
465 3818 483 3858 a
504 3797 624 3876 peritis,
645 3798 733 3874 sequi
755 3797 898 3874 optimos,
914 3797 995 3856 nihil
1017 3797 1164 3874 adpetere
1186 3798 1220 3855 in
