3000 4316
611 355 808 408 roriconi.
1158 342 1212 440 ⁸21

123 601 127 606 g
208 537 246 590 ut
267 530 420 591 secundae
441 547 491 590 res
513 534 630 603 tenent,
646 527 692 587 ita
712 527 860 588 adversae
882 527 1072 588 dissolvent:
1101 526 1165 588 nisi
1186 527 1213 586 si

210 635 320 697 Gallos
344 641 375 695 et
398 635 570 696 Germanos
593 639 625 694 et
648 632 760 711 (pudet
782 633 882 714 dictu)
905 632 1129 693 Britannorum
1151 631 1214 709 ple-

209 759 330 818 rosque,
347 740 422 799 licet
442 739 650 800 dominationi
672 738 792 798 alienae
814 738 998 815 sanguinem
1017 737 1212 812 conmodent,

211 846 329 906 diutius
351 850 458 906 tamen
478 843 579 904 hostis
601 863 694 921 quam
716 842 1214 918 serv03,fideetadfect11teneri

210 951 338 1030 putatis.
382 951 488 1010 Metus
509 968 545 1008 ac
566 955 666 1009 terror
688 954 762 1008 sunt
783 947 909 1008 infirma
929 947 1033 1007 vincla
1053 948 1242 1024 caritatis35

212 1075 290 1134 quae
303 1056 357 1115 ubi
372 1054 550 1129 removeris,
563 1054 617 1131 qui
632 1053 743 1114 timere
758 1053 919 1128 desierint,
932 1053 1035 1114 odisse
1049 1053 1212 1130 incipient.

212 1161 325 1222 Omnia
338 1159 487 1220 victoriae
501 1159 709 1220 incitamenta
723 1178 779 1236 pro
796 1159 886 1219 nobis
908 1165 998 1218 sunt:
1028 1158 1134 1218 nullae
1155 1159 1215 1218 Ro

212 1285 318 1326 manos
340 1265 487 1340 coniuges
509 1265 691 1339 accendunt,
712 1264 791 1323 nulli
812 1271 958 1342 parentes
979 1265 1088 1340 fugam
1109 1282 1215 1341 expro

211 1371 332 1431 braturi
359 1377 449 1446 sunt3
485 1375 540 1430 aut
566 1369 655 1430 nulla
681 1369 840 1447 plerisque
865 1369 969 1447 patria
992 1374 1047 1430 aut
1071 1368 1212 1430 aliaest.

211 1478 331 1536 Paucos
359 1493 496 1550 numero,
521 1474 660 1553 trepidos
689 1473 874 1551 ignorantia,
900 1474 1020 1534 caelum
1048 1474 1152 1552 ipsum
1180 1492 1215 1534 ao
1230 1486 1256 1534 ιο

213 1586 353 1641 marcet
378 1581 483 1655 silvas,
509 1580 617 1655 ignota
639 1579 745 1639 omnia
768 1579 1067 1656 circumspectantis,
1093 1579 1215 1640 clausos

84 1709 145 1756 ϊ
149 1687 345 1792 ,Qquodam
369 1685 461 1746 modo
482 1703 518 1744 ao
534 1684 656 1746 vinctos
678 1685 711 1744 di
732 1685 821 1745 nobis
843 1684 1050 1745 tradiderunt
1093 1685 1143 1745 Ne
1157 1691 1216 1745 ter-

146 1775 175 1795 ”
184 1775 281 1894 fleat
299 1809 399 1851 vanus
420 1791 586 1868 adspectus
608 1795 641 1849 et
662 1789 729 1850 auri
750 1789 855 1866 fulgor
873 1796 966 1866 atque
985 1790 1117 1866 argenti,
1133 1790 1217 1866 quod

205 1878 314 2006 e'que
335 1896 416 1971 tegit
436 1913 537 1972 neque
558 1895 711 1954 vulnerat
766 1894 837 1954 Ιιι’
829 1913 899 1972 1psa
923 1895 1061 1955 hostium
1083 1895 1148 1954 acie
1173 1895 1217 1954 in-

206 1962 273 2138 's
241 2001 375 2061 ·iemus
403 2006 527 2061 nostras
555 2019 674 2060 manus.
727 2001 930 2077 Adgnoscent
958 2001 1103 2060 Britanni
1129 2019 1216 2060 suam
1230 2012 1257 2058 15
1281 1982 1288 1995 ⁸

220 2099 348 2182 usam,
371 2106 576 2166 recordabunt
563 2112 614 2165 tur
636 2105 722 2166 Galli
746 2105 882 2183 priorem
906 2105 1100 2166 libertatem:
1134 2106 1217 2165 dese-

237 2186 285 2289 pt
299 2212 371 2272 illos
386 2211 481 2272 ceteri
496 2211 654 2286 Germani,
669 2216 734 2271 tam
749 2229 843 2288 quam
861 2229 960 2288 nuper
975 2211 1069 2289 Usipi
1088 2211 1218 2288 relique-

224 2348 231 2365 ι
252 2299 296 2377 nt,
347 2318 414 2376 Neo
436 2316 608 2394 quidquam
628 2315 713 2376 ultra
734 2315 930 2376 formidinis:
959 2335 1058 2376 vacua
1078 2316 1216 2390 castella,

89 2429 114 2506 ⁵.
139 2492 146 2499 x
221 2405 325 2506 enum
340 2421 487 2496 coloniae,
502 2421 586 2480 inter
599 2421 681 2480 male
695 2421 837 2499 parentis
852 2427 884 2480 et
901 2421 1017 2481 iniuste
1031 2421 1217 2499 imperantis

121 2537 129 2552 ⁹
149 2527 174 2593 ⁸.
199 2534 308 2603 3degra
322 2526 494 2604 municipia
508 2531 540 2586 et
554 2525 772 2587 discordantia.
813 2526 876 2585 Hic
890 2526 963 2601 dux,
979 2526 1030 2586 hio
1045 2527 1216 2586 exercitus:
1231 2538 1260 2584 ao

216 2633 260 2694 ibi
275 2633 393 2693 tributa
408 2637 439 2690 et
454 2631 583 2692 metalla
597 2637 630 2692 et
643 2638 764 2692 ceterae
779 2631 981 2692 servientium
997 2650 1123 2712 poenae,
1140 2651 1217 2710 quas

130 2727 131 2730 ¹
216 2739 249 2797 in
264 2743 425 2798 aeternum
440 2737 579 2814 perferre
594 2743 649 2797 aut
663 2737 772 2797 statim
786 2737 896 2798 ulcisci
910 2737 944 2796 in
958 2737 1016 2797 hoc
1034 2756 1142 2814 campo
1160 2744 1216 2798 est.

215 2842 352 2902 Proinde
380 2841 457 2902 ituri
481 2844 515 2902 in
539 2841 637 2902 aciem
662 2848 694 2903 et
717 2839 849 2903 maiores
873 2848 994 2904 vestros
1019 2848 1050 2903 et
1078 2848 1218 2921 posteros

216 2947 371 3024 cogitate)
395 2995 398 3002 .

569 3118 667 3183 spaera
685 3123 717 3183 os
729 3120 866 3184 Agricola.

256 3264 305 3325 33.
336 3266 495 3342 Excepere
511 3265 682 3326 orationem
702 3266 819 3326 alacres
840 3271 880 3341 et,
897 3271 932 3326 ut
953 3266 1092 3327 barbaris
1114 3267 1218 3342 moris,
1231 3281 1260 3326 25

215 3377 310 3431 cantu
323 3370 515 3448 fremituque
526 3376 558 3430 et
572 3371 758 3431 clamoribus
774 3371 918 3432 dissonis.
951 3372 1083 3450 Iamque
1095 3373 1219 3446 agmina

215 3482 248 3536 et
274 3494 432 3536 armorum
459 3477 598 3553 fulgores
627 3476 847 3538 audentissimi
874 3478 1023 3554 cuiusque
1052 3497 1217 3556 procursu:

215 3580 310 3641 simul
334 3581 548 3642 instruebatur
569 3581 660 3656 acies,
683 3601 753 3640 cum
774 3581 922 3658 Agricola
946 3601 1135 3660 quamquam
1160 3583 1220 3642 lae-

214 3691 330 3748 tumet
346 3686 401 3747 vix
418 3687 621 3746 munimentis
643 3687 810 3747 codrcitum
832 3687 967 3745 militem
988 3689 1218 3747 accendendum

214 3791 317 3852 adhuc
331 3796 428 3867 ratus,
443 3792 489 3852 ita
505 3791 668 3852 disseruit:
695 3792 866 3868 ‘septimus
889 3811 988 3852 annus
1008 3799 1064 3867 est,
1081 3793 1220 3852 oonmili·
1233 3805 1262 3851 30
