3000 4316
276 291 318 354 10
586 300 615 348 r.
642 297 816 348 cosunnu
839 297 963 347 rscrrr

316 473 363 536 14.
393 473 610 536 Consularium
638 473 758 550 primus
783 472 884 532 Aulus
909 469 1053 532 Plautius
1079 474 1275 550 praepositus

276 599 312 642 ac
330 578 462 641 subinde
482 577 624 639 Ostorius
645 576 787 654 Scapula,
799 581 930 655 uterque
949 576 1032 637 bello
1050 577 1208 653 egregius:
1232 597 1276 637 re-

275 685 427 764 dactaque
444 682 597 761 paulatim
621 682 655 742 in
678 683 812 742 formam
836 681 1014 759 provinciae
1035 682 1178 760 proxima
1201 702 1274 760 pars

275 789 468 864 Britanniae,
490 787 599 848 addita
619 787 747 865 insuper
767 792 984 847 veteranorum
1012 785 1139 847 colonia.
1181 788 1275 858 Quae

247 896 347 956 odam
375 894 520 955 civitates
548 892 742 969 Cogidumno
766 892 832 968 regi
857 892 989 952 donatae
1012 890 1053 971 (is
1075 891 1115 952 ad
1136 898 1274 952 nostram

274 1019 373 1078 usque
384 998 564 1059 memoriam
579 997 750 1058 fidissimus
765 997 905 1078 mansit),
918 1004 1022 1058 vetere
1032 1015 1068 1057 ac
1079 997 1141 1056 iam
1153 997 1273 1075 pridem

275 1111 399 1184 recepta
412 1103 521 1182 populi
538 1103 673 1164 Romani
694 1102 927 1177 consuetudine,
949 1102 987 1161 'ut
1011 1102 1141 1162 haberet
1160 1102 1273 1162 instru-

274 1217 380 1271 menta
400 1209 561 1270 servitutis
581 1215 613 1269 et
634 1227 730 1285 reges.
755 1209 831 1268 Mox
855 1207 970 1268 Didius
999 1207 1110 1268 Gallus
1137 1214 1228 1285 parta
1255 1229 1274 1270 a

274 1317 429 1394 prioribus
443 1297 608 1389 continuit,
620 1313 727 1391 paucis
742 1312 909 1373 admodum
924 1311 1063 1373 castellis
1077 1313 1111 1371 in
1125 1313 1274 1373 ulteriora

233 1435 262 1481 10
274 1421 433 1499 promotis,
445 1438 500 1498 per
512 1438 591 1497 quae
602 1419 688 1479 fama
702 1419 785 1479 aucti
797 1417 889 1478 officii
900 1423 1108 1496 quaereretur.
1142 1417 1273 1477 Didium

274 1527 309 1597 Q.
335 1526 489 1588 Veranius
514 1525 646 1602 excepit,
672 1525 760 1601 isque
785 1523 870 1584 intra
889 1542 1005 1583 annum
1029 1522 1187 1584 extinctus
1215 1529 1271 1584 est.

275 1631 440 1692 Suetonius
462 1630 536 1690 hinc
556 1629 709 1690 Paulinus
737 1628 863 1689 biennio
889 1646 1054 1707 prosperas
1079 1646 1129 1689 res
1152 1628 1271 1704 habuit,

275 1736 410 1796 subactis
431 1735 609 1796 nationibus
631 1734 826 1812 firmatisque
847 1733 1030 1812 praesidiis;
1052 1753 1183 1811 quorum
1197 1732 1274 1793 fidu-

274 1841 322 1901 cia
348 1842 474 1908 Monam
504 1840 640 1900 insulam
668 1846 704 1900 ut
731 1839 808 1898 viris
846 1838 1014 1899 rebellibus
1042 1837 1273 1899 ministrantem

232 1965 260 2010 ro
273 1948 438 2022 adgressus
455 1951 544 2022 terga
563 1945 716 2005 occasioni
735 1944 894 2022 patefecit.

313 2052 360 2113 15.
389 2053 534 2130 Namque
550 2050 693 2111 absentia
705 2049 801 2126 legati
816 2056 935 2110 remoto
949 2057 1035 2110 metu
1050 2050 1197 2111 Britanni
1211 2050 1273 2126 agi-

272 2166 338 2218 tare
352 2159 435 2218 inter
450 2176 482 2218 se
497 2157 579 2216 mala
594 2155 766 2231 servitutis,
778 2156 920 2216 conferre
934 2155 1065 2216 iniurias
1077 2161 1109 2215 et
1122 2155 1273 2233 interpre-

272 2264 367 2322 tando
388 2262 570 2324 accendere:
593 2261 674 2320 nihil
696 2260 805 2339 profici
824 2261 979 2339 patientia
994 2261 1056 2320 nisi
1075 2267 1112 2321 ut
1130 2261 1273 2336 graviora

271 2374 430 2446 tamquam
444 2386 483 2427 ex
497 2367 586 2428 facili
600 2367 807 2427 tolerantibus
821 2347 1021 2444 imperentur,
1051 2365 1196 2442 Singulos
1212 2365 1272 2427 sibi

229 2488 259 2534 ao
271 2473 345 2532 olim
363 2492 451 2550 reges
469 2473 579 2548 fuisse,
594 2491 677 2532 nunc
692 2472 782 2532 binos
797 2471 926 2549 imponi,
942 2490 958 2530 e
973 2471 1087 2549 quibus
1101 2471 1223 2547 legatus
1238 2471 1284 2530 in.

271 2578 462 2654 sanguinem,
484 2583 666 2655 procurator
688 2578 722 2636 in
742 2577 824 2638 bona
844 2577 987 2637 saeviret.
1029 2577 1139 2654 Aeque
1160 2575 1272 2636 discor-

271 2685 354 2744 diam
363 2683 619 2762 praepositorum,
628 2702 725 2761 aeque
735 2683 930 2744 concordiam
941 2681 1088 2742 subiectis
1098 2681 1270 2742 exitiosam.

270 2789 412 2850 Alterius
433 2807 544 2849 manus
565 2788 770 2863 centuriones,
790 2787 920 2848 alterius
942 2806 1047 2849 servos
1068 2787 1133 2846 vim
1151 2792 1184 2846 et
1203 2805 1272 2847 con·

270 2895 414 2955 tumelias
433 2895 571 2955 miscere.
607 2893 699 2954 Nihil
713 2895 776 2954 iam
795 2893 970 2972 cupiditati,
986 2893 1067 2952 nihil
1081 2893 1208 2966 libidini
1222 2912 1272 2953 ex-

227 3016 256 3062 ac
269 3005 401 3077 ceptum.
444 3001 484 3059 In
502 2999 620 3076 proelio
639 2999 801 3059 fortiorem
821 2999 958 3077 assequi
978 2998 1107 3077 spoliet:
1131 3017 1213 3058 nunc
1233 2999 1273 3059 ah

270 3105 392 3180 ignavis
417 3105 599 3182 plerumque
624 3109 655 3164 et
679 3104 858 3164 imbellibus
883 3103 962 3181 eripi
990 3103 1107 3179 domos,
1130 3103 1271 3164 abstrahi

270 3210 392 3284 liberos,
405 3209 528 3286 iniungi
543 3208 685 3284 dilectuS,
697 3215 858 3287 tamquam
868 3208 946 3268 mori
960 3214 1084 3269 tantum
1098 3227 1154 3286 pro
1168 3209 1272 3286 patria

269 3313 490 3375 nescientibus.
526 3314 718 3384 Quantulum
734 3313 817 3382 enim
830 3313 983 3374 transisse
997 3312 1144 3389 militum,
1160 3313 1188 3372 si
1202 3331 1270 3373 sese

270 3419 415 3479 Britanni
439 3421 628 3479 numerent?
672 3419 723 3479 Sic
739 3418 923 3480 Germanias
949 3418 1122 3480 excussisse
1147 3418 1269 3495 iugum:

228 3544 257 3590 30
269 3530 301 3584 et
319 3524 456 3600 flumine,
478 3544 541 3585 uon
560 3524 683 3585 Oceano
703 3524 841 3584 defendi.
884 3524 950 3584 Sibi
970 3523 1105 3602 patriam
1124 3523 1271 3600 coniuges

269 3635 422 3708 parentes,
445 3630 510 3690 illis
536 3629 700 3690 avaritiam
724 3636 756 3690 et
780 3628 936 3689 luxuriam
960 3648 1069 3690 causas
1093 3628 1169 3688 belli
1193 3646 1270 3688 esse.

270 3736 467 3809 Recessuros,
492 3740 528 3793 ut
549 3735 650 3793 Divus
675 3734 777 3793 Iulius
799 3733 987 3808 recessisset,
1008 3735 1099 3796 modo
1120 3733 1271 3794 virtutem
