3000 4316
286 325 327 389 26
599 335 629 384 r.
655 333 829 384 conunnrr
852 333 976 386 rscrrr

285 509 396 570 classis
410 509 547 569 secunda
559 512 747 586 tempestate
758 527 795 568 ac
808 507 894 568 fama
907 508 1147 569 Trucculensem
1163 515 1288 586 portum
1321 569 1323 578 ,

286 614 399 690 tenuit,
412 613 505 690 unde,
520 613 663 691 proximo
682 612 866 673 Britanniae
888 612 980 674 litore
999 614 1080 674 lecto
1102 613 1195 689 omni,
1211 615 1289 675 redi·

287 725 361 780 erat.

641 874 737 926 Reocll
753 875 786 938 os
794 873 932 937 Agricola.

326 1030 375 1094 39.
405 1031 499 1091 Hunc
520 1049 623 1090 rerum
643 1049 776 1106 cursum,
799 1048 988 1108 quamquam
1013 1030 1101 1091 nulla
1121 1031 1286 1092 verborum

258 1137 438 1199 ciactantia
453 1135 599 1214 epistulis
613 1135 778 1211 Agricolae
796 1141 930 1211 auctum,
945 1141 982 1195 ut
994 1135 1176 1198 Domitiano
1190 1138 1286 1198 moris

286 1247 362 1317 erat,
376 1241 482 1301 fronte
503 1241 614 1316 laetus,
631 1246 756 1318 pectore
775 1241 887 1301 anxius
909 1240 1039 1318 excepit.
1089 1241 1197 1302 Inerat
1218 1261 1287 1302 con-

286 1346 418 1408 scientia
444 1347 562 1407 derisui
588 1346 688 1406 fuisse
716 1364 816 1424 nuper
842 1345 959 1406 falsum
987 1365 1004 1405 e
1033 1337 1202 1407 Germania
1232 1349 1287 1406 tri-

285 1452 446 1530 umphum,
458 1453 573 1530 emptis
586 1470 642 1528 per
663 1451 845 1526 conmercia,
856 1470 989 1530 quorum
1000 1451 1127 1512 habitus
1139 1458 1172 1512 et
1182 1453 1285 1514 crines

286 1558 320 1617 in
336 1558 531 1635 captivorum
548 1557 683 1634 speeiem
700 1557 919 1632 formarentur,
934 1562 968 1616 at
984 1575 1068 1616 nunc
1082 1575 1187 1617 veram
1202 1577 1286 1635 mag-

244 1680 273 1726 ro
285 1681 420 1740 namque
432 1661 595 1722 victoriam
606 1666 654 1721 tot
664 1660 792 1722 milibus
804 1661 941 1721 hostium
954 1661 1052 1730 caesis
1063 1662 1185 1739 ingenti
1198 1663 1285 1724 fama
1384 1655 1386 1660 ’

284 1767 442 1829 celebrari.
485 1767 524 1826 Id
539 1767 599 1826 sibi
613 1765 748 1826 maxime
759 1766 1005 1842 formidolosum,
1018 1767 1134 1844 privati
1148 1767 1284 1831 hominis

284 1892 398 1934 nomen
426 1891 520 1950 supra
546 1872 699 1949 principis
727 1872 854 1932 adtolli:
884 1873 1004 1932 frustra
1031 1871 1137 1934 studia
1163 1872 1285 1935 feriet

284 1978 426 2039 civilium
450 1978 564 2037 artium
590 1977 684 2037 decus
709 1977 743 2035 in
768 1977 929 2037 silentium
953 1983 1032 2052 acta,
1058 1978 1086 2038 si
1113 1977 1283 2039 militarem

283 2083 415 2160 gloriam
439 2083 520 2143 alius
545 2087 726 2161 oocuparet;
755 2087 857 2142 cetera
874 2086 1048 2160 utcumque
1072 2083 1197 2144 facilius
1223 2084 1283 2146 dis·

242 2203 270 2248 15
283 2189 434 2263 simulari,
446 2188 535 2248 ducis
546 2187 620 2248 boni
631 2186 863 2265 imperatoriam
875 2188 1026 2247 virtutem
1037 2207 1113 2249 esse.
1152 2189 1282 2252 Talibus

282 2295 365 2355 curis
376 2293 542 2368 exercitus,
554 2293 698 2371 quodque
710 2311 820 2354 saevae
831 2293 1029 2368 cogitationis
1041 2293 1193 2353 indicium
1203 2301 1280 2371 erat,

283 2404 402 2461 secreto
426 2418 482 2460 sno
506 2399 648 2473 satiatus,
672 2399 825 2475 optimum
848 2398 882 2457 in
907 2398 1084 2475 praesentia
1105 2399 1218 2459 statuit
1238 2418 1283 2460 re-

282 2522 396 2582 ponere
417 2504 532 2579 odium,
554 2505 651 2564 donec
672 2504 809 2580 impetus
829 2503 933 2563 famae
954 2509 986 2562 et
1006 2503 1098 2563 favor
1125 2503 1281 2565 exercitus

281 2609 511 2686 languesceret:
537 2628 610 2670 nam
629 2609 725 2669 etiam
741 2615 809 2668 tum
824 2608 973 2685 Agricola
989 2608 1187 2670 Britanniam
1204 2609 1282 2670 obti-

238 2716 384 2777 tonabat.

319 2820 368 2882 40.
402 2821 505 2897 Igitur
519 2819 725 2898 triumphalia
741 2826 924 2880 cmamenta
941 2825 973 2879 et
992 2819 1135 2881 inlustris
1158 2824 1281 2881 statuae

279 2927 428 2986 honorem
440 2932 472 2986 et
483 2924 639 3003 quidquid
653 2943 709 3002 pro
719 2923 880 3002 triumpho
891 2925 993 2995 datur,
1004 2925 1104 2985 multo
1115 2925 1280 2986 verborum

278 3032 395 3091 honore
416 3031 583 3105 cumulata,
602 3030 726 3090 decerni
747 3029 781 3089 in
802 3035 913 3090 senatu
934 3030 1021 3090 iubet
1042 3030 1176 3108 addique
1197 3031 1280 3092 insu-

278 3154 335 3213 per
358 3135 545 3214 opinionem,
568 3135 692 3195 Suriam
714 3135 908 3212 provinciam
928 3133 1093 3210 Agricolae
1115 3135 1278 3211 destinari,

235 3251 264 3296 2⁵
278 3259 409 3301 vacuam
432 3247 499 3300 turn
521 3245 620 3300 morte
641 3239 736 3299 Atilii
760 3240 834 3300 Bnfi
856 3239 1028 3300 consularis
1053 3245 1085 3299 et
1108 3239 1279 3302 maioribus

278 3351 476 3406 reservatam.
516 3345 684 3406 Credidere
698 3345 839 3423 plerique
850 3345 998 3405 libertum
1010 3363 1049 3404 ex
1060 3344 1278 3406 secretioribus

277 3449 462 3510 ministeriis
490 3451 621 3510 missum
644 3451 684 3510 ad
707 3449 887 3526 Agricolam
914 3450 1084 3526 codicillos,
1110 3450 1223 3528 quibus
1248 3451 1279 3510 ei

278 3555 369 3616 Suria
387 3555 529 3630 dabatur,
545 3555 666 3631 tulisse,
681 3573 751 3615 cum
770 3560 937 3634 praecepto
953 3560 997 3630 ut,
1013 3555 1041 3616 si
1058 3555 1092 3614 in
1112 3555 1279 3616 Britannia

275 3660 368 3735 foret,
383 3660 598 3736 traderentur3
621 3679 752 3738 eumque
771 3661 919 3721 libertum
933 3661 967 3719 in
981 3661 1051 3738 ipso
1064 3660 1147 3720 freto
1161 3660 1278 3721 Oceani

234 3778 263 3822 ao
276 3764 402 3825 obvium
427 3764 601 3840 Agricolae,
623 3784 663 3824 ne
688 3765 847 3842 adpellato
868 3765 995 3845 quidem
1021 3784 1057 3828 eo
1081 3766 1121 3828 ad
1146 3765 1276 3825 Domiti-
