<?xml version="1.0" encoding="UTF-8"?>
<!DOCTYPE html PUBLIC "-//W3C//DTD XHTML 1.0 Transitional//EN"
    "http://www.w3.org/TR/xhtml1/DTD/xhtml1-transitional.dtd">
<html xmlns="http://www.w3.org/1999/xhtml" xml:lang="en" lang="en">
 <head>
  <title>
</title>
<meta http-equiv="Content-Type" content="text/html;charset=utf-8" />
  <meta name='ocr-system' content='tesseract 3.04.00' />
  <meta name='ocr-capabilities' content='ocr_page ocr_carea ocr_par ocr_line ocrx_word'/>
</head>
<body>
  <div class='ocr_page' id='page_1' title='image "./tacitusdevitaet00tacigoog_0096.png"; bbox 0 0 3000 4316; ppageno 0'>
   <div class='ocr_carea' id='block_1_1' title="bbox 630 367 1227 433">
    <p class='ocr_par' dir='ltr' id='par_1_1' title="bbox 630 367 1227 433">
     <span class='ocr_line' id='line_1_1' title="bbox 630 367 1227 433; baseline 0.01 -6"><span class='ocrx_word' id='word_1_1' title='bbox 630 375 827 429; x_wconf 75' lang='lat' dir='ltr'>nonroom.</span> <span class='ocrx_word' id='word_1_2' title='bbox 958 397 959 402; x_wconf 62' lang='lat'><em>=</em></span> <span class='ocrx_word' id='word_1_3' title='bbox 1186 367 1227 433; x_wconf 85' lang='lat'>13</span> 
     </span>
    </p>
   </div>
   <div class='ocr_carea' id='block_1_2' title="bbox 226 549 1332 3678">
    <p class='ocr_par' dir='ltr' id='par_1_2' title="bbox 226 549 1332 2731">
     <span class='ocr_line' id='line_1_2' title="bbox 226 549 1228 633; baseline -0.003 -19"><span class='ocrx_word' id='word_1_4' title='bbox 226 555 295 633; x_wconf 89' lang='lat' dir='ltr'>ipsc</span> <span class='ocrx_word' id='word_1_5' title='bbox 314 557 386 612; x_wconf 87' lang='lat' dir='ltr'>ante</span> <span class='ocrx_word' id='word_1_6' title='bbox 404 568 525 626; x_wconf 83' lang='lat' dir='ltr'>agmen,</span> <span class='ocrx_word' id='word_1_7' title='bbox 540 568 601 627; x_wconf 90' lang='lat' dir='ltr'>quo</span> <span class='ocrx_word' id='word_1_8' title='bbox 620 550 732 610; x_wconf 89' lang='lat' dir='ltr'>ceteris</span> <span class='ocrx_word' id='word_1_9' title='bbox 753 567 810 626; x_wconf 87' lang='lat' dir='ltr'>par</span> <span class='ocrx_word' id='word_1_10' title='bbox 830 549 953 609; x_wconf 87' lang='lat' dir='ltr'>animus</span> <span class='ocrx_word' id='word_1_11' title='bbox 974 550 1071 609; x_wconf 84' lang='lat' dir='ltr'>simili</span> <span class='ocrx_word' id='word_1_12' title='bbox 1090 549 1228 628; x_wconf 90' lang='lat' dir='ltr'>periculo</span> 
     </span>
     <span class='ocr_line' id='line_1_3' title="bbox 227 654 1229 733; baseline -0.002 -15"><span class='ocrx_word' id='word_1_13' title='bbox 227 664 319 733; x_wconf 92' lang='lat' dir='ltr'>esset,</span> <span class='ocrx_word' id='word_1_14' title='bbox 335 655 435 717; x_wconf 89' lang='lat' dir='ltr'>crexit</span> <span class='ocrx_word' id='word_1_15' title='bbox 448 655 554 715; x_wconf 80' lang='lat' dir='ltr'>eciem.</span> <span class='ocrx_word' id='word_1_16' title='bbox 598 655 755 731; x_wconf 82' lang='lat' dir='ltr'>Caesaque</span> <span class='ocrx_word' id='word_1_17' title='bbox 775 672 870 732; x_wconf 88' lang='lat' dir='ltr'>prope</span> <span class='ocrx_word' id='word_1_18' title='bbox 885 654 1032 714; x_wconf 88' lang='lat' dir='ltr'>universa</span> <span class='ocrx_word' id='word_1_19' title='bbox 1051 661 1151 732; x_wconf 86' lang='lat' dir='ltr'>gente,</span> <span class='ocrx_word' id='word_1_20' title='bbox 1166 676 1229 716; x_wconf 92' lang='lat' dir='ltr'>non</span> 
     </span>
     <span class='ocr_line' id='line_1_4' title="bbox 228 759 1229 840; baseline -0.002 -16"><span class='ocrx_word' id='word_1_21' title='bbox 228 766 355 840; x_wconf 87' lang='lat' dir='ltr'>ignarus</span> <span class='ocrx_word' id='word_1_22' title='bbox 370 762 550 822; x_wconf 87' lang='lat' dir='ltr'>instandum</span> <span class='ocrx_word' id='word_1_23' title='bbox 568 761 671 820; x_wconf 87' lang='lat' dir='ltr'>famae</span> <span class='ocrx_word' id='word_1_24' title='bbox 686 779 730 835; x_wconf 87' lang='lat' dir='ltr'>ac,</span> <span class='ocrx_word' id='word_1_25' title='bbox 745 766 838 837; x_wconf 87' lang='lat' dir='ltr'>prout</span> <span class='ocrx_word' id='word_1_26' title='bbox 857 759 960 837; x_wconf 87' lang='lat' dir='ltr'>prima</span> <span class='ocrx_word' id='word_1_27' title='bbox 978 761 1155 837; x_wconf 80' lang='lat' dir='ltr'>cessissent,</span> <span class='ocrx_word' id='word_1_28' title='bbox 1170 768 1229 822; x_wconf 90' lang='lat' dir='ltr'>ter-</span> 
     </span>
     <span class='ocr_line' id='line_1_5' title="bbox 228 865 1229 943; baseline -0.003 -14"><span class='ocrx_word' id='word_1_29' title='bbox 228 888 329 929; x_wconf 91' lang='lat' dir='ltr'>rorem</span> <span class='ocrx_word' id='word_1_30' title='bbox 351 867 463 926; x_wconf 88' lang='lat' dir='ltr'>ceteris</span> <span class='ocrx_word' id='word_1_31' title='bbox 484 867 562 941; x_wconf 86' lang='lat' dir='ltr'>fore,</span> <span class='ocrx_word' id='word_1_32' title='bbox 577 867 705 925; x_wconf 89' lang='lat' dir='ltr'>Monam</span> <span class='ocrx_word' id='word_1_33' title='bbox 727 865 872 938; x_wconf 91' lang='lat' dir='ltr'>insulam,</span> <span class='ocrx_word' id='word_1_34' title='bbox 890 885 909 924; x_wconf 90' lang='lat' dir='ltr'>a</span> <span class='ocrx_word' id='word_1_35' title='bbox 930 865 1017 925; x_wconf 88' lang='lat' dir='ltr'>cuius</span> <span class='ocrx_word' id='word_1_36' title='bbox 1032 868 1229 943; x_wconf 80' lang='lat' dir='ltr'>possessione</span> 
     </span>
     <span class='ocr_line' id='line_1_6' title="bbox 230 967 1332 1050; baseline -0.004 -16"><span class='ocrx_word' id='word_1_37' title='bbox 230 979 407 1034; x_wconf 86' lang='lat' dir='ltr'>revocatum</span> <span class='ocrx_word' id='word_1_38' title='bbox 431 971 600 1030; x_wconf 89' lang='lat' dir='ltr'>Paulinum</span> <span class='ocrx_word' id='word_1_39' title='bbox 621 967 791 1030; x_wconf 85' lang='lat' dir='ltr'>rebellione</span> <span class='ocrx_word' id='word_1_40' title='bbox 812 970 908 1030; x_wconf 87' lang='lat' dir='ltr'>totius</span> <span class='ocrx_word' id='word_1_41' title='bbox 931 971 1114 1032; x_wconf 77' lang='lat' dir='ltr'>Britanniae</span> <span class='ocrx_word' id='word_1_42' title='bbox 1136 985 1257 1050; x_wconf 83' lang='lat' dir='ltr'>supra5</span> <span class='ocrx_word' id='word_1_43' title='bbox 1301 977 1332 1024; x_wconf 70' lang='lat'><em>0</em></span> 
     </span>
     <span class='ocr_line' id='line_1_7' title="bbox 231 1075 1231 1153; baseline 0 -15"><span class='ocrx_word' id='word_1_44' title='bbox 231 1078 407 1152; x_wconf 88' lang='lat' dir='ltr'>memoravi,</span> <span class='ocrx_word' id='word_1_45' title='bbox 429 1076 570 1152; x_wconf 87' lang='lat' dir='ltr'>redigere</span> <span class='ocrx_word' id='word_1_46' title='bbox 591 1076 625 1134; x_wconf 92' lang='lat' dir='ltr'>in</span> <span class='ocrx_word' id='word_1_47' title='bbox 646 1080 833 1153; x_wconf 87' lang='lat' dir='ltr'>potestatem</span> <span class='ocrx_word' id='word_1_48' title='bbox 855 1075 958 1135; x_wconf 91' lang='lat' dir='ltr'>animo</span> <span class='ocrx_word' id='word_1_49' title='bbox 979 1076 1124 1136; x_wconf 90' lang='lat' dir='ltr'>intendit.</span> <span class='ocrx_word' id='word_1_50' title='bbox 1169 1080 1231 1138; x_wconf 81' lang='lat' dir='ltr'>Sed</span> 
     </span>
     <span class='ocr_line' id='line_1_8' title="bbox 230 1181 1231 1249; baseline -0.002 -5"><span class='ocrx_word' id='word_1_51' title='bbox 230 1192 266 1244; x_wconf 89' lang='lat' dir='ltr'>ut</span> <span class='ocrx_word' id='word_1_52' title='bbox 286 1185 320 1242; x_wconf 89' lang='lat' dir='ltr'>in</span> <span class='ocrx_word' id='word_1_53' title='bbox 338 1182 441 1249; x_wconf 76' lang='lat' dir='ltr'>dubiis</span> <span class='ocrx_word' id='word_1_54' title='bbox 461 1181 600 1241; x_wconf 90' lang='lat' dir='ltr'>consiliis</span> <span class='ocrx_word' id='word_1_55' title='bbox 620 1198 716 1240; x_wconf 88' lang='lat' dir='ltr'>naves</span> <span class='ocrx_word' id='word_1_56' title='bbox 737 1181 880 1240; x_wconf 89' lang='lat' dir='ltr'>deerant:</span> <span class='ocrx_word' id='word_1_57' title='bbox 904 1181 986 1240; x_wconf 86' lang='lat' dir='ltr'>ratio</span> <span class='ocrx_word' id='word_1_58' title='bbox 1005 1188 1037 1241; x_wconf 89' lang='lat' dir='ltr'>et</span> <span class='ocrx_word' id='word_1_59' title='bbox 1054 1184 1231 1242; x_wconf 88' lang='lat' dir='ltr'>constantia</span> 
     </span>
     <span class='ocr_line' id='line_1_9' title="bbox 231 1285 1230 1363; baseline -0.002 -14"><span class='ocrx_word' id='word_1_60' title='bbox 231 1289 319 1349; x_wconf 86' lang='lat' dir='ltr'>ducis</span> <span class='ocrx_word' id='word_1_61' title='bbox 333 1287 516 1348; x_wconf 78' lang='lat' dir='ltr'>transvexit.</span> <span class='ocrx_word' id='word_1_62' title='bbox 560 1285 720 1363; x_wconf 88' lang='lat' dir='ltr'>Depositis</span> <span class='ocrx_word' id='word_1_63' title='bbox 735 1285 878 1345; x_wconf 89' lang='lat' dir='ltr'>omnibus</span> <span class='ocrx_word' id='word_1_64' title='bbox 899 1286 1029 1346; x_wconf 91' lang='lat' dir='ltr'>sarcinis</span> <span class='ocrx_word' id='word_1_65' title='bbox 1044 1287 1230 1348; x_wconf 87' lang='lat' dir='ltr'>lectissimos</span> 
     </span>
     <span class='ocr_line' id='line_1_10' title="bbox 232 1391 1230 1470; baseline -0.002 -15"><span class='ocrx_word' id='word_1_66' title='bbox 232 1393 442 1468; x_wconf 83' lang='lat' dir='ltr'>auxiliarium,</span> <span class='ocrx_word' id='word_1_67' title='bbox 464 1392 578 1470; x_wconf 89' lang='lat' dir='ltr'>quibus</span> <span class='ocrx_word' id='word_1_68' title='bbox 600 1396 675 1450; x_wconf 91' lang='lat' dir='ltr'>nota</span> <span class='ocrx_word' id='word_1_69' title='bbox 699 1391 781 1450; x_wconf 87' lang='lat' dir='ltr'>vada</span> <span class='ocrx_word' id='word_1_70' title='bbox 803 1397 835 1450; x_wconf 88' lang='lat' dir='ltr'>et</span> <span class='ocrx_word' id='word_1_71' title='bbox 859 1391 1004 1468; x_wconf 84' lang='lat' dir='ltr'>proprius</span> <span class='ocrx_word' id='word_1_72' title='bbox 1027 1393 1124 1451; x_wconf 91' lang='lat' dir='ltr'>nandi</span> <span class='ocrx_word' id='word_1_73' title='bbox 1146 1413 1230 1468; x_wconf 89' lang='lat' dir='ltr'>usus,</span> 
     </span>
     <span class='ocr_line' id='line_1_11' title="bbox 232 1497 1275 1578; baseline -0.002 -19"><span class='ocrx_word' id='word_1_74' title='bbox 232 1520 293 1578; x_wconf 92' lang='lat' dir='ltr'>quo</span> <span class='ocrx_word' id='word_1_75' title='bbox 313 1498 407 1559; x_wconf 86' lang='lat' dir='ltr'>simul</span> <span class='ocrx_word' id='word_1_76' title='bbox 433 1516 526 1574; x_wconf 90' lang='lat' dir='ltr'>seque</span> <span class='ocrx_word' id='word_1_77' title='bbox 552 1502 583 1556; x_wconf 90' lang='lat' dir='ltr'>et</span> <span class='ocrx_word' id='word_1_78' title='bbox 607 1515 694 1556; x_wconf 85' lang='lat' dir='ltr'>arma</span> <span class='ocrx_word' id='word_1_79' title='bbox 717 1502 748 1555; x_wconf 90' lang='lat' dir='ltr'>et</span> <span class='ocrx_word' id='word_1_80' title='bbox 770 1514 864 1572; x_wconf 88' lang='lat' dir='ltr'>equos</span> <span class='ocrx_word' id='word_1_81' title='bbox 889 1503 1010 1571; x_wconf 93' lang='lat' dir='ltr'>regunt,</span> <span class='ocrx_word' id='word_1_82' title='bbox 1038 1497 1084 1556; x_wconf 92' lang='lat' dir='ltr'>ita</span> <span class='ocrx_word' id='word_1_83' title='bbox 1104 1505 1275 1576; x_wconf 80' lang='lat' dir='ltr'>repentem</span> 
     </span>
     <span class='ocr_line' id='line_1_12' title="bbox 232 1600 1231 1680; baseline -0.001 -16"><span class='ocrx_word' id='word_1_84' title='bbox 232 1603 363 1678; x_wconf 89' lang='lat' dir='ltr'>inmisit,</span> <span class='ocrx_word' id='word_1_85' title='bbox 384 1608 421 1662; x_wconf 91' lang='lat' dir='ltr'>ut</span> <span class='ocrx_word' id='word_1_86' title='bbox 442 1601 653 1679; x_wconf 82' lang='lat' dir='ltr'>obstupefacti</span> <span class='ocrx_word' id='word_1_87' title='bbox 673 1600 789 1673; x_wconf 92' lang='lat' dir='ltr'>hostes,</span> <span class='ocrx_word' id='word_1_88' title='bbox 812 1601 866 1677; x_wconf 92' lang='lat' dir='ltr'>qui</span> <span class='ocrx_word' id='word_1_89' title='bbox 891 1601 1031 1676; x_wconf 85' lang='lat' dir='ltr'>classem,</span> <span class='ocrx_word' id='word_1_90' title='bbox 1054 1602 1108 1680; x_wconf 91' lang='lat' dir='ltr'>qui</span> <span class='ocrx_word' id='word_1_91' title='bbox 1132 1605 1231 1679; x_wconf 88' lang='lat' dir='ltr'>navis,</span> 
     </span>
     <span class='ocr_line' id='line_1_13' title="bbox 234 1704 1233 1786; baseline 0.002 -20"><span class='ocrx_word' id='word_1_92' title='bbox 234 1708 288 1786; x_wconf 90' lang='lat' dir='ltr'>qni</span> <span class='ocrx_word' id='word_1_93' title='bbox 312 1726 397 1767; x_wconf 89' lang='lat' dir='ltr'>mare</span> <span class='ocrx_word' id='word_1_94' title='bbox 420 1708 635 1784; x_wconf 88' lang='lat' dir='ltr'>expectabant,</span> <span class='ocrx_word' id='word_1_95' title='bbox 650 1704 732 1764; x_wconf 91' lang='lat' dir='ltr'>nihil</span> <span class='ocrx_word' id='word_1_96' title='bbox 751 1707 883 1765; x_wconf 88' lang='lat' dir='ltr'>arduum</span> <span class='ocrx_word' id='word_1_97' title='bbox 898 1713 952 1766; x_wconf 91' lang='lat' dir='ltr'>aut</span> <span class='ocrx_word' id='word_1_98' title='bbox 971 1707 1124 1766; x_wconf 87' lang='lat' dir='ltr'>invictum</span> <span class='ocrx_word' id='word_1_99' title='bbox 1139 1708 1233 1768; x_wconf 90' lang='lat' dir='ltr'>credi·</span> 
     </span>
     <span class='ocr_line' id='line_1_14' title="bbox 233 1811 1233 1890; baseline 0.001 -17"><span class='ocrx_word' id='word_1_100' title='bbox 233 1814 338 1874; x_wconf 88' lang='lat' dir='ltr'>derint</span> <span class='ocrx_word' id='word_1_101' title='bbox 362 1813 407 1873; x_wconf 87' lang='lat' dir='ltr'>sic</span> <span class='ocrx_word' id='word_1_102' title='bbox 432 1811 472 1872; x_wconf 91' lang='lat' dir='ltr'>ad</span> <span class='ocrx_word' id='word_1_103' title='bbox 496 1811 613 1871; x_wconf 91' lang='lat' dir='ltr'>bellum</span> <span class='ocrx_word' id='word_1_104' title='bbox 637 1811 844 1871; x_wconf 87' lang='lat' dir='ltr'>venientibus.</span> <span class='ocrx_word' id='word_1_105' title='bbox 898 1811 951 1870; x_wconf 90' lang='lat' dir='ltr'>Ita</span> <span class='ocrx_word' id='word_1_106' title='bbox 974 1812 1076 1888; x_wconf 90' lang='lat' dir='ltr'>petita</span> <span class='ocrx_word' id='word_1_107' title='bbox 1098 1832 1174 1890; x_wconf 89' lang='lat' dir='ltr'>pace</span> <span class='ocrx_word' id='word_1_108' title='bbox 1198 1832 1233 1874; x_wconf 91' lang='lat' dir='ltr'>ac</span> 
     </span>
     <span class='ocr_line' id='line_1_15' title="bbox 234 1916 1279 1996; baseline -0.002 -17"><span class='ocrx_word' id='word_1_109' title='bbox 234 1919 342 1978; x_wconf 88' lang='lat' dir='ltr'>dedita</span> <span class='ocrx_word' id='word_1_110' title='bbox 361 1917 466 1977; x_wconf 90' lang='lat' dir='ltr'>insula</span> <span class='ocrx_word' id='word_1_111' title='bbox 486 1917 587 1976; x_wconf 90' lang='lat' dir='ltr'>clarus</span> <span class='ocrx_word' id='word_1_112' title='bbox 609 1934 644 1975; x_wconf 88' lang='lat' dir='ltr'>ac</span> <span class='ocrx_word' id='word_1_113' title='bbox 665 1933 796 1991; x_wconf 89' lang='lat' dir='ltr'>magnus</span> <span class='ocrx_word' id='word_1_114' title='bbox 816 1916 924 1976; x_wconf 91' lang='lat' dir='ltr'>haberi</span> <span class='ocrx_word' id='word_1_115' title='bbox 946 1916 1102 1992; x_wconf 86' lang='lat' dir='ltr'>Agricola,</span> <span class='ocrx_word' id='word_1_116' title='bbox 1119 1918 1235 1996; x_wconf 90' lang='lat' dir='ltr'>quippe</span> <span class='ocrx_word' id='word_1_117' title='bbox 1278 1951 1279 1954; x_wconf 16' lang='grc' dir='ltr'><strong>κ</strong></span> 
     </span>
     <span class='ocr_line' id='line_1_16' title="bbox 235 2021 1277 2098; baseline 0.003 -15"><span class='ocrx_word' id='word_1_118' title='bbox 235 2025 285 2084; x_wconf 94' lang='lat' dir='ltr'>cui</span> <span class='ocrx_word' id='word_1_119' title='bbox 303 2022 491 2098; x_wconf 87' lang='lat' dir='ltr'>ingredienti</span> <span class='ocrx_word' id='word_1_120' title='bbox 511 2021 713 2098; x_wconf 88' lang='lat' dir='ltr'>provinciam,</span> <span class='ocrx_word' id='word_1_121' title='bbox 734 2021 817 2098; x_wconf 92' lang='lat' dir='ltr'>qnod</span> <span class='ocrx_word' id='word_1_122' title='bbox 837 2027 961 2097; x_wconf 87' lang='lat' dir='ltr'>tempus</span> <span class='ocrx_word' id='word_1_123' title='bbox 983 2022 1038 2080; x_wconf 90' lang='lat' dir='ltr'>alii</span> <span class='ocrx_word' id='word_1_124' title='bbox 1059 2041 1115 2098; x_wconf 90' lang='lat' dir='ltr'>per</span> <span class='ocrx_word' id='word_1_125' title='bbox 1137 2029 1277 2087; x_wconf 77' lang='lat' dir='ltr'>osten-1⁶</span> 
     </span>
     <span class='ocr_line' id='line_1_17' title="bbox 235 2126 1237 2205; baseline -0.001 -17"><span class='ocrx_word' id='word_1_126' title='bbox 235 2129 385 2189; x_wconf 88' lang='lat' dir='ltr'>tationem</span> <span class='ocrx_word' id='word_1_127' title='bbox 401 2134 433 2186; x_wconf 92' lang='lat' dir='ltr'>et</span> <span class='ocrx_word' id='word_1_128' title='bbox 452 2126 622 2186; x_wconf 89' lang='lat' dir='ltr'>officiorum</span> <span class='ocrx_word' id='word_1_129' title='bbox 641 2126 793 2185; x_wconf 90' lang='lat' dir='ltr'>ambitum</span> <span class='ocrx_word' id='word_1_130' title='bbox 808 2127 995 2202; x_wconf 89' lang='lat' dir='ltr'>transigunt,</span> <span class='ocrx_word' id='word_1_131' title='bbox 1011 2128 1098 2187; x_wconf 89' lang='lat' dir='ltr'>labor</span> <span class='ocrx_word' id='word_1_132' title='bbox 1113 2133 1144 2187; x_wconf 90' lang='lat' dir='ltr'>et</span> <span class='ocrx_word' id='word_1_133' title='bbox 1157 2129 1237 2205; x_wconf 90' lang='lat' dir='ltr'>peri-</span> 
     </span>
     <span class='ocr_line' id='line_1_18' title="bbox 236 2231 1236 2311; baseline -0.003 -18"><span class='ocrx_word' id='word_1_134' title='bbox 236 2234 341 2293; x_wconf 89' lang='lat' dir='ltr'>culum</span> <span class='ocrx_word' id='word_1_135' title='bbox 362 2232 539 2311; x_wconf 86' lang='lat' dir='ltr'>placuisset.</span> <span class='ocrx_word' id='word_1_136' title='bbox 582 2232 650 2290; x_wconf 88' lang='lat' dir='ltr'>Neo</span> <span class='ocrx_word' id='word_1_137' title='bbox 671 2231 820 2306; x_wconf 89' lang='lat' dir='ltr'>Agricola</span> <span class='ocrx_word' id='word_1_138' title='bbox 840 2232 1049 2308; x_wconf 85' lang='lat' dir='ltr'>prosperitate</span> <span class='ocrx_word' id='word_1_139' title='bbox 1073 2251 1178 2291; x_wconf 90' lang='lat' dir='ltr'>rerum</span> <span class='ocrx_word' id='word_1_140' title='bbox 1202 2233 1236 2292; x_wconf 90' lang='lat' dir='ltr'>in</span> 
     </span>
     <span class='ocr_line' id='line_1_19' title="bbox 235 2337 1237 2415; baseline 0 -16"><span class='ocrx_word' id='word_1_141' title='bbox 235 2339 408 2399; x_wconf 81' lang='lat' dir='ltr'>vanitatem</span> <span class='ocrx_word' id='word_1_142' title='bbox 426 2356 510 2411; x_wconf 82' lang='lat' dir='ltr'>nsua,</span> <span class='ocrx_word' id='word_1_143' title='bbox 526 2337 757 2415; x_wconf 86' lang='lat' dir='ltr'>expeditionem</span> <span class='ocrx_word' id='word_1_144' title='bbox 777 2343 831 2396; x_wconf 91' lang='lat' dir='ltr'>aut</span> <span class='ocrx_word' id='word_1_145' title='bbox 845 2337 1009 2397; x_wconf 88' lang='lat' dir='ltr'>victoriam</span> <span class='ocrx_word' id='word_1_146' title='bbox 1028 2338 1160 2398; x_wconf 85' lang='lat' dir='ltr'>vocabat</span> <span class='ocrx_word' id='word_1_147' title='bbox 1176 2339 1237 2399; x_wconf 81' lang='lat' dir='ltr'>vic-</span> 
     </span>
     <span class='ocr_line' id='line_1_20' title="bbox 237 2441 1236 2520; baseline 0.001 -16"><span class='ocrx_word' id='word_1_148' title='bbox 237 2450 286 2504; x_wconf 91' lang='lat' dir='ltr'>tos</span> <span class='ocrx_word' id='word_1_149' title='bbox 311 2443 517 2518; x_wconf 82' lang='lat' dir='ltr'>continuisse3</span> <span class='ocrx_word' id='word_1_150' title='bbox 543 2461 582 2500; x_wconf 91' lang='lat' dir='ltr'>ne</span> <span class='ocrx_word' id='word_1_151' title='bbox 611 2441 759 2501; x_wconf 90' lang='lat' dir='ltr'>laureatis</span> <span class='ocrx_word' id='word_1_152' title='bbox 785 2443 912 2519; x_wconf 89' lang='lat' dir='ltr'>quidem</span> <span class='ocrx_word' id='word_1_153' title='bbox 940 2449 1028 2518; x_wconf 89' lang='lat' dir='ltr'>gesta</span> <span class='ocrx_word' id='word_1_154' title='bbox 1054 2450 1236 2520; x_wconf 90' lang='lat' dir='ltr'>prosecutus</span> 
     </span>
     <span class='ocr_line' id='line_1_21' title="bbox 238 2546 1280 2626; baseline 0 -17"><span class='ocrx_word' id='word_1_155' title='bbox 238 2556 294 2624; x_wconf 90' lang='lat' dir='ltr'>est,</span> <span class='ocrx_word' id='word_1_156' title='bbox 320 2549 375 2609; x_wconf 87' lang='lat' dir='ltr'>sed</span> <span class='ocrx_word' id='word_1_157' title='bbox 398 2548 468 2626; x_wconf 88' lang='lat' dir='ltr'>ipsa</span> <span class='ocrx_word' id='word_1_158' title='bbox 492 2546 741 2608; x_wconf 89' lang='lat' dir='ltr'>dissimulatione</span> <span class='ocrx_word' id='word_1_159' title='bbox 766 2548 869 2608; x_wconf 84' lang='lat' dir='ltr'>famae</span> <span class='ocrx_word' id='word_1_160' title='bbox 890 2549 1009 2608; x_wconf 82' lang='lat' dir='ltr'>famam</span> <span class='ocrx_word' id='word_1_161' title='bbox 1030 2549 1127 2624; x_wconf 88' lang='lat' dir='ltr'>auxit,</span> <span class='ocrx_word' id='word_1_162' title='bbox 1150 2550 1280 2610; x_wconf 82' lang='lat' dir='ltr'>acati-ao</span> 
     </span>
     <span class='ocr_line' id='line_1_22' title="bbox 238 2653 1093 2731; baseline 0.001 -17"><span class='ocrx_word' id='word_1_163' title='bbox 238 2655 395 2715; x_wconf 89' lang='lat' dir='ltr'>mantibus</span> <span class='ocrx_word' id='word_1_164' title='bbox 411 2658 529 2731; x_wconf 88' lang='lat' dir='ltr'>quanta</span> <span class='ocrx_word' id='word_1_165' title='bbox 543 2653 645 2712; x_wconf 85' lang='lat' dir='ltr'>futuri</span> <span class='ocrx_word' id='word_1_166' title='bbox 660 2671 714 2730; x_wconf 90' lang='lat' dir='ltr'>spe</span> <span class='ocrx_word' id='word_1_167' title='bbox 728 2659 793 2712; x_wconf 89' lang='lat' dir='ltr'>tam</span> <span class='ocrx_word' id='word_1_168' title='bbox 808 2673 922 2730; x_wconf 86' lang='lat' dir='ltr'>magne</span> <span class='ocrx_word' id='word_1_169' title='bbox 935 2655 1093 2715; x_wconf 89' lang='lat' dir='ltr'>tacuisset.</span> 
     </span>
    </p>

    <p class='ocr_par' dir='ltr' id='par_1_3' title="bbox 238 2759 1282 3678">
     <span class='ocr_line' id='line_1_23' title="bbox 279 2759 1238 2924; baseline -0.001 -103"><span class='ocrx_word' id='word_1_170' title='bbox 279 2760 325 2821; x_wconf 87' lang='grc'>19</span> <span class='ocrx_word' id='word_1_171' title='bbox 356 2761 413 2820; x_wconf 77' lang='lat' dir='ltr'>Oet</span> <span class='ocrx_word' id='word_1_172' title='bbox 400 2765 501 2818; x_wconf 89' lang='lat' dir='ltr'>terum</span> <span class='ocrx_word' id='word_1_173' title='bbox 523 2759 697 2818; x_wconf 90' lang='lat' dir='ltr'>animorum</span> <span class='ocrx_word' id='word_1_174' title='bbox 718 2777 775 2834; x_wconf 92' lang='lat' dir='ltr'>pro</span> <span class='ocrx_word' id='word_1_175' title='bbox 918 2761 1106 2924; x_wconf 48' lang='lat' dir='ltr'><em>W</em></span> <span class='ocrx_word' id='word_1_176' title='bbox 1084 2761 1238 2838; x_wconf 89' lang='lat' dir='ltr'>simulque</span> 
     </span>
     <span class='ocr_line' id='line_1_24' title="bbox 239 2759 1240 2942; baseline 0 -17"><span class='ocrx_word' id='word_1_177' title='bbox 239 2865 347 2925; x_wconf 88' lang='lat' dir='ltr'>doctus</span> <span class='ocrx_word' id='word_1_178' title='bbox 362 2882 418 2942; x_wconf 90' lang='lat' dir='ltr'>per</span> <span class='ocrx_word' id='word_1_179' title='bbox 433 2862 463 2924; x_wconf 89' lang='lat' dir='ltr'>al</span> <span class='ocrx_word' id='word_1_180' title='bbox 464 2864 535 2924; x_wconf 91' lang='lat' dir='ltr'>iena</span> <span class='ocrx_word' id='word_1_181' title='bbox 554 2863 767 2941; x_wconf 87' lang='lat' dir='ltr'>experimenta</span> <span class='ocrx_word' id='word_1_182' title='bbox 775 2759 927 2942; x_wconf 50' lang='lat' dir='ltr'>Q</span> <span class='ocrx_word' id='word_1_183' title='bbox 945 2885 963 2923; x_wconf 94' lang='lat' dir='ltr'>o</span> <span class='ocrx_word' id='word_1_184' title='bbox 1004 2886 1016 2923; x_wconf 82' lang='lat' dir='ltr'>r</span> <span class='ocrx_word' id='word_1_185' title='bbox 1065 2867 1135 2942; x_wconf 91' lang='lat' dir='ltr'>mis,</span> <span class='ocrx_word' id='word_1_186' title='bbox 1151 2867 1178 2926; x_wconf 93' lang='lat' dir='ltr'>si</span> <span class='ocrx_word' id='word_1_187' title='bbox 1196 2867 1240 2925; x_wconf 93' lang='lat' dir='ltr'>in-</span> 
     </span>
     <span class='ocr_line' id='line_1_25' title="bbox 238 2970 1239 3048; baseline 0 -18"><span class='ocrx_word' id='word_1_188' title='bbox 238 2971 337 3030; x_wconf 89' lang='lat' dir='ltr'>iuriae</span> <span class='ocrx_word' id='word_1_189' title='bbox 353 2975 563 3048; x_wconf 88' lang='lat' dir='ltr'>sequerentur,</span> <span class='ocrx_word' id='word_1_190' title='bbox 579 2987 687 3029; x_wconf 88' lang='lat' dir='ltr'>causas</span> <span class='ocrx_word' id='word_1_191' title='bbox 708 2970 772 3029; x_wconf 92' lang='lat' dir='ltr'>bell</span> <span class='ocrx_word' id='word_1_192' title='bbox 774 2976 913 3030; x_wconf 89' lang='lat' dir='ltr'>orumst</span> <span class='ocrx_word' id='word_1_193' title='bbox 915 2971 995 3030; x_wconf 90' lang='lat' dir='ltr'>atuit</span> <span class='ocrx_word' id='word_1_194' title='bbox 1016 2971 1166 3030; x_wconf 89' lang='lat' dir='ltr'>excidere</span> <span class='ocrx_word' id='word_1_195' title='bbox 1209 2973 1239 3030; x_wconf 91' lang='lat' dir='ltr'><strong>A</strong></span> 
     </span>
     <span class='ocr_line' id='line_1_26' title="bbox 240 3075 1281 3153; baseline 0.001 -17"><span class='ocrx_word' id='word_1_196' title='bbox 240 3095 273 3136; x_wconf 89' lang='lat' dir='ltr'>se</span> <span class='ocrx_word' id='word_1_197' title='bbox 297 3075 424 3153; x_wconf 89' lang='lat' dir='ltr'>suisque</span> <span class='ocrx_word' id='word_1_198' title='bbox 449 3093 537 3134; x_wconf 86' lang='lat' dir='ltr'>orsus</span> <span class='ocrx_word' id='word_1_199' title='bbox 562 3075 698 3151; x_wconf 89' lang='lat' dir='ltr'>primum</span> <span class='ocrx_word' id='word_1_200' title='bbox 723 3075 847 3133; x_wconf 89' lang='lat' dir='ltr'>domum</span> <span class='ocrx_word' id='word_1_201' title='bbox 874 3095 962 3135; x_wconf 87' lang='lat' dir='ltr'>suam</span> <span class='ocrx_word' id='word_1_202' title='bbox 985 3076 1130 3150; x_wconf 84' lang='lat' dir='ltr'>coercuit,</span> <span class='ocrx_word' id='word_1_203' title='bbox 1156 3077 1281 3152; x_wconf 82' lang='lat' dir='ltr'>quodau</span> 
     </span>
     <span class='ocr_line' id='line_1_27' title="bbox 239 3179 1240 3258; baseline 0.002 -20"><span class='ocrx_word' id='word_1_204' title='bbox 239 3181 397 3258; x_wconf 88' lang='lat' dir='ltr'>plerisque</span> <span class='ocrx_word' id='word_1_205' title='bbox 416 3180 500 3239; x_wconf 90' lang='lat' dir='ltr'>haud</span> <span class='ocrx_word' id='word_1_206' title='bbox 521 3179 624 3238; x_wconf 93' lang='lat' dir='ltr'>minus</span> <span class='ocrx_word' id='word_1_207' title='bbox 646 3180 777 3238; x_wconf 88' lang='lat' dir='ltr'>arduum</span> <span class='ocrx_word' id='word_1_208' title='bbox 797 3185 846 3239; x_wconf 90' lang='lat' dir='ltr'>cst</span> <span class='ocrx_word' id='word_1_209' title='bbox 867 3199 959 3256; x_wconf 90' lang='lat' dir='ltr'>quam</span> <span class='ocrx_word' id='word_1_210' title='bbox 982 3181 1175 3257; x_wconf 90' lang='lat' dir='ltr'>provinciam</span> <span class='ocrx_word' id='word_1_211' title='bbox 1197 3200 1240 3240; x_wconf 90' lang='lat' dir='ltr'>rc-</span> 
     </span>
     <span class='ocr_line' id='line_1_28' title="bbox 240 3283 1240 3362; baseline 0.001 -18"><span class='ocrx_word' id='word_1_212' title='bbox 240 3303 319 3362; x_wconf 91' lang='lat' dir='ltr'>gere.</span> <span class='ocrx_word' id='word_1_213' title='bbox 370 3283 460 3343; x_wconf 90' lang='lat' dir='ltr'>Nihil</span> <span class='ocrx_word' id='word_1_214' title='bbox 489 3302 544 3361; x_wconf 89' lang='lat' dir='ltr'>per</span> <span class='ocrx_word' id='word_1_215' title='bbox 572 3283 701 3343; x_wconf 90' lang='lat' dir='ltr'>libertos</span> <span class='ocrx_word' id='word_1_216' title='bbox 729 3303 895 3362; x_wconf 85' lang='lat' dir='ltr'>servosque</span> <span class='ocrx_word' id='word_1_217' title='bbox 924 3285 1066 3361; x_wconf 88' lang='lat' dir='ltr'>publicae</span> <span class='ocrx_word' id='word_1_218' title='bbox 1094 3286 1149 3359; x_wconf 88' lang='lat' dir='ltr'>rei,</span> <span class='ocrx_word' id='word_1_219' title='bbox 1177 3305 1240 3345; x_wconf 92' lang='lat' dir='ltr'>non</span> 
     </span>
     <span class='ocr_line' id='line_1_29' title="bbox 241 3389 1240 3467; baseline -0.002 -17"><span class='ocrx_word' id='word_1_220' title='bbox 241 3390 355 3450; x_wconf 87' lang='lat' dir='ltr'>studiis</span> <span class='ocrx_word' id='word_1_221' title='bbox 376 3389 508 3466; x_wconf 85' lang='lat' dir='ltr'>privatis</span> <span class='ocrx_word' id='word_1_222' title='bbox 525 3407 581 3448; x_wconf 91' lang='lat' dir='ltr'>nec</span> <span class='ocrx_word' id='word_1_223' title='bbox 599 3407 637 3447; x_wconf 90' lang='lat' dir='ltr'>ex</span> <span class='ocrx_word' id='word_1_224' title='bbox 665 3390 920 3449; x_wconf 90' lang='lat' dir='ltr'>conmendatione</span> <span class='ocrx_word' id='word_1_225' title='bbox 940 3397 995 3449; x_wconf 89' lang='lat' dir='ltr'>aut</span> <span class='ocrx_word' id='word_1_226' title='bbox 1012 3390 1154 3467; x_wconf 88' lang='lat' dir='ltr'>precibus</span> <span class='ocrx_word' id='word_1_227' title='bbox 1174 3409 1240 3450; x_wconf 92' lang='lat' dir='ltr'>cen·</span> 
     </span>
     <span class='ocr_line' id='line_1_30' title="bbox 241 3494 1241 3572; baseline 0.001 -18"><span class='ocrx_word' id='word_1_228' title='bbox 241 3495 396 3554; x_wconf 91' lang='lat' dir='ltr'>turionem</span> <span class='ocrx_word' id='word_1_229' title='bbox 417 3494 574 3554; x_wconf 80' lang='lat' dir='ltr'>militesve</span> <span class='ocrx_word' id='word_1_230' title='bbox 595 3495 702 3569; x_wconf 91' lang='lat' dir='ltr'>ascire,</span> <span class='ocrx_word' id='word_1_231' title='bbox 727 3496 781 3555; x_wconf 91' lang='lat' dir='ltr'>sed</span> <span class='ocrx_word' id='word_1_232' title='bbox 804 3495 957 3572; x_wconf 91' lang='lat' dir='ltr'>optimum</span> <span class='ocrx_word' id='word_1_233' title='bbox 981 3514 1135 3572; x_wconf 89' lang='lat' dir='ltr'>quemque</span> <span class='ocrx_word' id='word_1_234' title='bbox 1156 3495 1241 3555; x_wconf 91' lang='lat' dir='ltr'>fidis-</span> 
     </span>
     <span class='ocr_line' id='line_1_31' title="bbox 243 3599 1282 3678; baseline 0 -18"><span class='ocrx_word' id='word_1_235' title='bbox 243 3600 355 3660; x_wconf 89' lang='lat' dir='ltr'>simum</span> <span class='ocrx_word' id='word_1_236' title='bbox 368 3604 487 3677; x_wconf 89' lang='lat' dir='ltr'>putare.</span> <span class='ocrx_word' id='word_1_237' title='bbox 529 3599 642 3660; x_wconf 91' lang='lat' dir='ltr'>Omnia</span> <span class='ocrx_word' id='word_1_238' title='bbox 656 3599 742 3674; x_wconf 87' lang='lat' dir='ltr'>scire,</span> <span class='ocrx_word' id='word_1_239' title='bbox 760 3619 823 3659; x_wconf 93' lang='lat' dir='ltr'>non</span> <span class='ocrx_word' id='word_1_240' title='bbox 838 3601 942 3660; x_wconf 91' lang='lat' dir='ltr'>omnia</span> <span class='ocrx_word' id='word_1_241' title='bbox 956 3601 1093 3678; x_wconf 87' lang='lat' dir='ltr'>exsequi.</span> <span class='ocrx_word' id='word_1_242' title='bbox 1128 3600 1240 3660; x_wconf 86' lang='lat' dir='ltr'>Parvis</span> <span class='ocrx_word' id='word_1_243' title='bbox 1253 3621 1282 3666; x_wconf 85' lang='lat'>30</span> 
     </span>
    </p>
   </div>
   <div class='ocr_carea' id='block_1_3' title="bbox 242 3705 1240 3887">
    <p class='ocr_par' dir='ltr' id='par_1_4' title="bbox 242 3705 1240 3887">
     <span class='ocr_line' id='line_1_32' title="bbox 242 3705 1240 3782; baseline 0 -18"><span class='ocrx_word' id='word_1_244' title='bbox 242 3705 378 3782; x_wconf 88' lang='lat' dir='ltr'>peccatis</span> <span class='ocrx_word' id='word_1_245' title='bbox 407 3705 539 3780; x_wconf 86' lang='lat' dir='ltr'>veniam,</span> <span class='ocrx_word' id='word_1_246' title='bbox 568 3706 688 3780; x_wconf 88' lang='lat' dir='ltr'>magnis</span> <span class='ocrx_word' id='word_1_247' title='bbox 712 3706 911 3764; x_wconf 87' lang='lat' dir='ltr'>severitatem</span> <span class='ocrx_word' id='word_1_248' title='bbox 951 3707 1150 3782; x_wconf 89' lang='lat' dir='ltr'>conmodare;</span> <span class='ocrx_word' id='word_1_249' title='bbox 1184 3725 1240 3765; x_wconf 91' lang='lat' dir='ltr'>nec</span> 
     </span>
     <span class='ocr_line' id='line_1_33' title="bbox 242 3810 1238 3887; baseline 0.002 -19"><span class='ocrx_word' id='word_1_250' title='bbox 242 3829 341 3887; x_wconf 88' lang='lat' dir='ltr'>poena</span> <span class='ocrx_word' id='word_1_251' title='bbox 370 3829 499 3886; x_wconf 91' lang='lat' dir='ltr'>semper,</span> <span class='ocrx_word' id='word_1_252' title='bbox 525 3811 580 3869; x_wconf 89' lang='lat' dir='ltr'>sed</span> <span class='ocrx_word' id='word_1_253' title='bbox 605 3810 728 3886; x_wconf 88' lang='lat' dir='ltr'>saepius</span> <span class='ocrx_word' id='word_1_254' title='bbox 750 3811 944 3886; x_wconf 84' lang='lat' dir='ltr'>paenitentia</span> <span class='ocrx_word' id='word_1_255' title='bbox 968 3816 1132 3870; x_wconf 88' lang='lat' dir='ltr'>contentus</span> <span class='ocrx_word' id='word_1_256' title='bbox 1155 3830 1238 3886; x_wconf 81' lang='lat' dir='ltr'>esse3</span> 
     </span>
    </p>
   </div>
   <div class='ocr_carea' id='block_1_4' title="bbox 0 0 1528 4316">
    <p class='ocr_par' dir='ltr' id='par_1_5' title="bbox 0 0 1528 4316">
     <span class='ocr_line' id='line_1_34' title="bbox 0 0 1528 4316; baseline 0 0"><span class='ocrx_word' id='word_1_257' title='bbox 0 0 1528 4316; x_wconf 95' lang='lat' dir='ltr'> </span> 
     </span>
    </p>
   </div>
  </div>
 </body>
</html>
