3000 4316
454 832 494 904 P.
527 831 764 906 CORNELII
795 833 966 909 TACITI

507 1014 557 1063 DE
578 1015 668 1064 VITA
688 1015 735 1066 ΕΤ
758 1015 922 1068 MORIBUS

312 1171 540 1267 IULH
600 1171 1116 1272 AGRIOOLAE

633 1374 785 1440 111111.

614 1561 807 1611 Introduction.

161 1619 292 1768 s
251 1683 512 1745 (illatorum
484 1702 620 1743 umorum
639 1683 726 1744 facta
744 1703 907 1762 moresque
924 1686 1059 1762 posteris
1078 1687 1211 1763 tradere,

211 1789 385 1866 antiquitus
400 1788 560 1864 usitatum,
572 1807 612 1848 116
626 1789 742 1849 nostris
758 1789 885 1866 quidem
900 1791 1093 1868 temporibus
1108 1809 1213 1870 quam·

211 1913 304 1971 quam
331 1894 489 1954 incuriosa
516 1912 641 1954 suornm
670 1899 721 1954 aet
722 1913 756 1954 as
783 1891 1011 2004 omisit,t'1quo
1004 1915 1071 1958 rens
1098 1916 1213 1973 magna

211 1999 373 2078 aliquaue
394 1999 510 2060 nobilis
530 1999 631 2060 virtus
654 1999 729 2060 vicit
750 2018 785 2060 ac
807 2017 1009 2078 supergressa
1029 2005 1078 2060 est
1099 2000 1212 2060 vitium

211 2105 317 2182 parvis
333 2105 516 2181 magnisque
530 2104 608 2164 civit
595 2104 712 2165 attibus
726 2093 1112 2216 conmunedignorantiam
1134 2104 1211 2165 16611
1225 2122 1239 2167 a

211 2217 243 2270 61
257 2209 418 2269 invidiam.
462 2209 524 2268 Sed
539 2209 623 2286 apud
634 2207 761 2285 priores,
772 2213 808 2267 ut
823 2226 913 2283 agene
929 2208 1024 2292 dignp
1038 2215 1212 2270 memoratu

210 2335 341 2394 pronum
352 2316 513 2391 magisque
525 2313 558 2374 in
574 2319 681 2391 aperto
696 2318 772 2386 erat,
785 2312 831 2374 ita
843 2313 1064 2374 celeberrimus
1079 2315 1212 2392 quisque

211 2421 335 2496 ingenio
350 2421 389 2480 ad
404 2419 596 2498 prodendam
611 2418 738 2479 virtutis
753 2418 943 2494 memoriam,
960 2419 1027 2479 sino
1042 2407 1143 2496 gratia
1157 2426 1212 2480 aut

211 2526 389 2601 ambitione,
412 2526 509 2586 bonae
533 2511 657 2584 tantum
679 2523 886 2584 conscientiae
907 2524 1009 2601 pretio
1030 2525 1209 2589 ducebatur.

211 2631 258 2691 Ao
282 2631 423 2708 plerique
452 2649 539 2690 suam
567 2629 629 2706 ipsi
654 2628 752 2688 vitam
780 2647 907 2688 narrare
931 2629 1078 2690 fiduciam
1106 2630 1211 2708 potius
1225 2646 1254 2692 10

210 2756 329 2796 morum
351 2755 445 2813 quam
467 2733 681 2811 adrogantiam
701 2733 844 2794 arbitrati
860 2740 941 2810 sunt,
958 2753 1013 2795 nec
1034 2735 1068 2795 id
1088 2736 1212 2800 Rutilio

210 2848 243 2902 61
258 2842 372 2902 Scauro
383 2841 462 2902 citra
475 2840 568 2899 fidem
580 2846 634 2900 aut
649 2839 868 2900 obtrectationi
885 2839 965 2903 fuit:
986 2841 1063 2901 adeo
1077 2841 1212 2902 virtutes

210 2948 310 3007 isdem
331 2947 524 3024 temporibus
546 2945 664 3023 optime
690 2945 897 3006 aestimantur
921 2945 1035 3022 quibus
1060 2946 1211 3011 facillime

210 3053 388 3129 gignuntur.
431 3051 476 3111 At
496 3069 579 3110 nuno
600 3056 762 3110 narraturo
783 3049 862 3109 mihi
882 3050 980 3110 vitam
1000 3052 1138 3112 defunct
1116 3058 1141 3112 t1
1160 3052 1212 3112 ho

210 3158 303 3218 minis
323 3157 416 3216 venia
436 3175 514 3234 opus
539 3155 611 3231 fuit,
633 3174 727 3232 quam
752 3173 815 3214 non
838 3133 988 3232 petissem
1012 3156 1253 3223 incusaturusro

208 3269 274 3324 tam
294 3281 387 3323 saeva
406 3267 438 3321 et
456 3261 575 3322 infesta
591 3260 762 3320 virtutibus
780 3265 929 3337 tempora.
1005 3272 1008 3278 '
1104 3280 1180 3378 s

249 3366 277 3428 2.
307 3367 465 3442 Legimus,
477 3385 547 3426 cum
558 3365 698 3424 Aruleno
713 3365 844 3424 Rustico
858 3367 974 3425 Paetus
990 3367 1137 3442 Thrasea,
1149 3367 1211 3427 He

208 3473 318 3532 rennio
335 3471 498 3532 Senecioni
518 3471 644 3530 Priscus
667 3469 837 3530 Helvidius
859 3470 980 3531 laudati
1001 3478 1114 3548 essent,
1130 3473 1213 3550 oapi-

209 3579 273 3639 tale
293 3578 402 3651 fuisse,
420 3595 521 3654 neque
542 3576 576 3635 in
592 3575 678 3652 ipsos
700 3575 791 3634 modo
813 3581 963 3650 auctores,
983 3577 1038 3636 sed
1058 3577 1092 3635 in
1113 3576 1211 3639 libros

209 3702 332 3761 quoque
354 3701 459 3742 eorum
479 3680 644 3754 saevitum,
667 3680 810 3756 delegato
831 3679 1006 3741 triumviris
1025 3681 1210 3757 ministerio,
1224 3698 1253 3742 20

209 3793 245 3848 ut
267 3792 469 3847 monumenta
490 3785 735 3847 clarissimorum
755 3783 952 3860 ingeniorum
974 3785 1007 3843 in
1028 3785 1154 3846 comitio
1175 3806 1211 3848 ac

702 3891 715 3940 1
