3000 4316
274 349 316 413 14
584 362 615 410 P.
640 361 813 412 ocaunnu
835 361 961 411 rncrrr

272 531 380 594 officiis
399 539 430 593 et
449 535 773 595 administrationibus
790 536 974 614 potiusnon
993 542 1172 614 peccaturos
1190 555 1275 614 prae

271 657 396 717 ponere,
418 658 511 717 quarn
539 641 686 700 damnare
714 660 784 700 curn
812 647 1001 718 peccassent.
1054 641 1217 701 Frumenti
1242 647 1274 702 et

270 745 459 805 tributorum
477 746 667 805 exactionem
687 746 877 824 aequalitate
891 765 1054 806 munerum
1072 746 1203 822 mollire,
1218 747 1274 806 cir-

271 851 416 911 cumcisis
438 869 517 928 quae
538 851 571 909 in
594 857 757 928 quaestum
779 857 902 928 reperta
921 851 990 929 ipso
1009 851 1128 911 tributo
1147 852 1273 927 gravius

175 963 201 1002 θ
242 955 493 1018 stolerabantur.
535 956 680 1032 Namque
705 975 761 1034 per
783 955 953 1016 ludibrium
985 956 1126 1016 adsidere
1158 957 1298 1017 clausis·

270 1061 390 1122 horreis
410 1068 442 1122 et
463 1080 565 1121 emere
590 1060 675 1121 ultro
697 1041 856 1120 frumenta
879 1079 913 1122 ac
935 1061 1042 1121 ludere
1066 1061 1167 1138 pretio
1188 1080 1274 1139 coge-

270 1169 393 1228 bantur.
448 1166 599 1226 Devortia
628 1166 778 1226 itinerum
806 1172 837 1225 et
870 1166 1083 1243 longinquitas
1111 1167 1273 1243 regionum

271 1272 476 1347 indicebatur,
490 1277 527 1331 ut
546 1271 691 1332 civitates
710 1259 1024 1348 proximis'hibernis
1047 1271 1081 1330 in
1101 1277 1220 1332 remota
1241 1278 1273 1332 et

271 1377 342 1437 avia
369 1377 538 1452 deferrent,
567 1377 664 1436 donee
692 1377 775 1453 quod
803 1375 946 1436 omnibus
970 1377 1006 1434 in
1034 1382 1181 1454 promptu
1205 1383 1272 1438 erat

230 1492 258 1538 10
270 1481 377 1559 paucis
399 1482 556 1542 lucrosun
576 1481 675 1540 fieret.

310 1587 357 1648 20.
388 1589 476 1647 Haec
497 1587 598 1665 primo
621 1587 728 1646 statim
753 1605 834 1646 anno
858 1587 1091 1664 comprimendo
1116 1587 1271 1664 egregiam

270 1692 387 1752 famam
414 1692 484 1770 paci
512 1691 727 1766 circumdedit,
757 1710 835 1769 quae
858 1691 908 1751 vel
937 1691 1058 1752 incuria
1085 1691 1136 1752 vel
1163 1691 1272 1753 intole-

270 1797 374 1856 rantia
400 1798 540 1875 priorum
567 1797 653 1856 haud
687 1796 790 1856 minus
819 1815 912 1873 quam
947 1797 1066 1856 bellum
1092 1797 1269 1858 timebatur.

272 1903 332 1962 Sed
356 1902 410 1962 ubi
435 1907 536 1962 aestas
566 1902 703 1976 advenit,
732 1907 890 1962 contracto
925 1902 1065 1961 exercitu
1092 1902 1208 1963 multus
1236 1903 1271 1962 in

228 2016 256 2062 16
269 2007 401 2083 agmine,
417 2007 545 2067 laudare
566 2007 760 2082 modestiam,
776 2006 924 2068 disiectos
946 2016 1102 2082 coercere3
1124 2007 1192 2068 loca
1208 2027 1271 2068 cas-

269 2113 326 2174 tris
347 2113 416 2191 ipse
437 2131 555 2190 capere,
578 2113 734 2174 aestuaria
754 2091 790 2172 ac
812 2112 937 2173 silvas
929 2131 997 2190 rpse
1022 2118 1268 2190 praetemptare;

269 2224 302 2276 et
345 2217 403 2276 ihil
428 2218 521 2276 interi
578 2218 662 2295 apud
685 2217 786 2278 hostis
811 2217 952 2295 quietum
977 2223 1032 2294 pat
1033 2217 1054 2292 i,
1079 2237 1140 2294 quo
1166 2217 1269 2278 minus

243 2237 689 2383 &Mel
592 2341 676 2401 popu
677 2323 811 2398 laretur3
834 2328 927 2400 atque
941 2323 996 2382 ubi
1011 2323 1088 2382 satis
1104 2329 1268 2399 terruerat,
1333 2312 1336 2314 ⁸

269 2429 424 2506 parcendo
454 2447 560 2489 rursus
591 2429 796 2489 incitamenta
822 2428 908 2506 pacis
934 2434 1098 2488 ostentare
1149 2428 1269 2499 Quibus

225 2534 359 2594 corebus
374 2533 490 2593 multae
506 2533 651 2593 civitates
666 2552 745 2611 quae
754 2533 858 2652 ἱ111
820 2533 911 2598 illum
934 2533 1017 2592 diem
1038 2552 1076 2592 ex
1091 2551 1189 2611 aequo
1203 2552 1270 2610 ege-

268 2643 348 2713 rant,
371 2639 453 2699 datis
474 2638 663 2699 obsidibus'
655 2657 733 2698 iram
755 2657 886 2716 posuere
916 2644 948 2698 et
968 2637 1135 2716 praesidiis
1162 2638 1270 2699 castel-

267 2743 369 2822 lisque
397 2744 606 2804 circumdatae
645 2749 677 2802 et
704 2749 794 2804 tanta
818 2743 938 2803 ratione
959 2761 1103 2821 curaque,
1124 2743 1270 2803 utnulla

267 2856 339 2909 ante
359 2848 542 2909 Britanniae
563 2868 644 2909 nova
662 2867 735 2926 pars
757 2848 875 2926 pariter
896 2848 1077 2909 inlacessita
1096 2848 1266 2908 transierit.

307 2954 354 3015 21.
386 2955 524 3032 Sequens
555 2953 656 3014 hiems
686 2953 898 3014 saluberrimis
928 2953 1068 3014 consiliis
1093 2954 1267 3031 absumpta.

225 3073 253 3117 rc
266 3062 411 3137 Namque
436 3065 472 3118 ut
496 3059 639 3119 homines
664 3059 799 3137 dispersi
826 3077 862 3119 ac
887 3059 979 3119 rudes
1005 3077 1102 3136 eoque
1127 3059 1161 3117 in
1185 3058 1269 3118 bella

266 3165 376 3226 faciles
392 3164 492 3243 quieti
506 3170 538 3224 et
557 3165 621 3225 otio
638 3183 694 3242 per
708 3164 887 3241 voluptates
907 3165 1133 3238 adsuescerent,
1149 3163 1269 3224 hortari

267 3271 424 3348 privatim,
446 3269 593 3330 adiuvare
611 3269 744 3347 publice,
755 3276 792 3329 ut
812 3269 931 3348 templa
952 3269 1022 3329 fora
1042 3268 1149 3329 domos
1168 3273 1270 3328 extru-

267 3382 363 3452 erent,
379 3377 536 3436 laudando
550 3380 710 3452 promptos
725 3381 757 3434 et
772 3375 954 3452 castigando
969 3373 1088 3451 segnis:
1117 3374 1164 3434 ita
1177 3374 1270 3433 hono

267 3482 310 3542 ris
325 3481 494 3541 aemulatio
508 3499 565 3558 pro
579 3480 765 3540 necessitate
788 3485 863 3539 erat.
907 3481 976 3538 lam
997 3498 1070 3539 vero
1090 3478 1268 3557 principum

225 3601 254 3646 30
267 3586 349 3647 filios
364 3586 546 3646 liberalibus
561 3585 681 3646 artibus
701 3585 833 3660 erudire,
849 3590 881 3644 et
900 3584 1027 3660 ingenia
1046 3584 1268 3644 Britannorum

268 3692 380 3752 studiis
397 3691 558 3751 Gallorum
581 3691 747 3766 anteferre,
763 3697 798 3750 ut
820 3690 874 3768 qui
895 3691 986 3750 modo
1001 3690 1139 3767 linguam
1158 3691 1269 3750 Roma

268 3815 338 3855 nam
354 3796 541 3868 abnuebant,
557 3795 766 3872 eloquentiam
781 3795 1042 3869 concupiscerent.
1079 3795 1158 3854 Inde
1173 3795 1269 3855 etiam
