3000 4316
287 344 306 406 8
596 352 625 401 r.
651 351 824 405 0011111111
846 351 971 402 raons

286 526 451 602 indigenae
473 543 513 582 an
534 523 665 597 advecti,
680 528 716 582 ut
737 523 820 582 inter
842 523 997 598 barbaros,
1019 543 1130 601 parum
1151 543 1285 604 comper-

285 639 362 690 tum.
405 629 542 689 Habitus
563 647 726 706 corporum
742 628 823 688 varii
848 633 942 706 atque
967 647 1006 688 ex
1031 649 1067 689 eo
1093 637 1284 706 argumenta.

285 737 429 812 Namque
450 734 564 795 rutilae
585 734 787 795 Caledoniam
809 734 988 794 habitantiu
1041 753 1155 810 comae,
1179 737 1286 812 magni

285 846 371 900 artus
395 841 613 901 Germanicam
642 839 790 914 originem
857 859 871 900 s
912 857 928 900 e
964 859 985 898 11
1010 863 1017 916 ;
1048 840 1187 900 Silurum
1208 841 1287 902 colo

257 947 346 1005 arati
360 946 476 1019 vultus,
491 880 765 1022 &Merumque
783 944 884 1008 crines
906 951 938 1008 ct
959 945 1063 1022 posita
1083 951 1192 1005 contra
1213 947 1298 1006 His-J

284 1053 379 1130 pania
395 1052 531 1148 Hiberos
603 1069 670 1110 eres
691 1047 850 1110 traiecisse
872 1069 985 1128 easque
1007 1050 1096 1112 sedes
1117 1069 1285 1130 occupasse

256 1117 529 1231 ”tristanda
545 1155 680 1232 proximi
692 1154 794 1216 Gallis
809 1161 841 1218 et
855 1155 975 1218 similes
990 1162 1072 1232 sunt,
1085 1175 1140 1218 seu
1152 1157 1285 1217 durante

282 1261 412 1336 originis
428 1281 495 1336 usu,
512 1280 566 1320 seu
580 1260 834 1338 procurrentibus
855 1261 889 1322 in
911 1261 1035 1321 diversa
1055 1261 1148 1322 terris
1169 1262 1285 1340 positio

284 1366 362 1426 caeli
386 1366 566 1443 corporibus
590 1365 732 1427 habitum
754 1365 849 1435 dedit.
901 1366 946 1424 *In
966 1365 1148 1426 universum
1178 1372 1285 1426 tamen

242 1487 270 1531 10
283 1471 464 1531 aestimanti
489 1469 598 1532 Gallos
621 1470 756 1530 vicinam
778 1469 914 1530 insulam
942 1489 1107 1549 occupasse
1135 1471 1284 1531 credibile

284 1585 340 1638 est.
382 1578 498 1637 Eorum
514 1595 602 1636 sacra
613 1576 827 1654 deprehendas
838 1594 874 1636 ac
889 1576 1147 1655 superstitionum
1161 1594 1284 1654 persua-

257 1762 261 1768 ι
312 1702 405 1758 01101;
438 1701 538 1742 sermo
565 1682 649 1741 haud
677 1680 812 1740 multum
841 1681 993 1757 diversus,
1017 1681 1050 1746 in
1080 1683 1283 1759 deposcendis

202 1841 206 1849 ,
228 1805 232 1810 ·
282 1788 430 1865 periculis
445 1788 554 1848 eadem
569 1786 700 1846 audacia
714 1792 753 1861 et,
770 1786 823 1848 ubi
838 1787 1001 1860 advenere,
1017 1787 1051 1847 iu
1070 1787 1282 1854 detrectandis

283 1895 391 1954 eadem
417 1893 563 1952 formido,
619 1891 696 1952 Plus
728 1897 833 1951 tamen
860 1891 996 1963 ferociae
1024 1891 1170 1952 Britanni
1197 1911 1284 1969 praa

241 2015 268 2060 15
281 2001 397 2073 ferunt,
425 2004 462 2058 ut
489 2018 567 2076 quos
595 1998 732 2057 nondum
761 1997 855 2072 longa
883 2016 944 2074 pax
973 1997 1148 2058 emollierit.
1197 1999 1282 2058 Nam

283 2105 391 2166 Gallos
406 2122 528 2181 quoque
543 2104 577 2162 in
591 2102 684 2162 bellis
695 2101 837 2163 floruisse
852 2103 1044 2181 accepimus;
1060 2122 1132 2162 mox
1147 2103 1283 2178 segnitia

281 2230 352 2270 cum
377 2211 441 2270 otio
467 2209 608 2282 intravit,
632 2207 750 2268 amissa
774 2207 891 2268 virtute
916 2207 1035 2285 pariter
1062 2227 1097 2268 ao
1126 2207 1280 2268 libertate.

281 2316 370 2385 Quod
394 2315 617 2374 Britannorum
645 2313 721 2375 clim
745 2313 839 2374 victis
867 2313 988 2374 evenit:
1020 2313 1116 2373 ceteri
1143 2320 1281 2389 manent,

281 2421 389 2496 quales
405 2419 491 2481 Galli
506 2420 644 2479 fuerunt.

238 2542 269 2586 20
322 2525 368 2596 la
398 2526 438 2583 In
452 2525 557 2602 pedite
571 2525 680 2598 robur;
697 2525 859 2601 quaedam
880 2524 1023 2586 nationes
1037 2530 1070 2585 et
1084 2543 1175 2584 curru
1196 2544 1283 2602 proe-

281 2631 407 2690 liantur.
458 2630 629 2690 Honestior
650 2630 769 2706 auriga,
787 2630 917 2691 clientes
937 2636 1144 2707 propugnant.
1195 2629 1281 2690 Olim

280 2721 405 2812 regibus
440 2736 600 2812 parebant,
629 2753 711 2794 nuno
747 2753 802 2812 per
837 2735 994 2812 principes
1024 2735 1213 2797 factionibus
1249 2741 1282 2795 et

280 2841 399 2901 studiis.
423 2840 649 2900 distrahuntur.
690 2840 759 2899 Nec
783 2839 871 2900 aliud
895 2840 1044 2901 adversus
1067 2840 1281 2907 validissimas

278 2943 380 3018 gentis
395 2962 451 3020 pro
465 2943 555 3002 nobis
571 2943 680 3002 utilius
695 2961 789 3019 quam
804 2943 887 3020 quod
902 2943 935 3002 in
952 2962 1106 3008 conmune
1127 2962 1190 3007 non
1210 2961 1280 3004 oon-

235 3063 264 3108 25
278 3048 393 3108 sulunt.
427 3049 529 3108 Rarus
544 3048 663 3108 duabus
675 3047 838 3125 tribusque
849 3048 1033 3109 civitatibus
1046 3049 1086 3110 ad
1098 3047 1281 3126 propulsan-

277 3155 351 3214 dum
367 3171 519 3213 conrnune
537 3152 709 3230 periculum
724 3159 913 3212 conventus:
935 3153 981 3212 ita
996 3153 1112 3228 singuli
1127 3159 1278 3230 pugnant,

277 3259 417 3324 universi
431 3259 609 3318 vincuntur.
652 3257 780 3318 Caelum
796 3258 911 3318 crebris
926 3258 1080 3319 imbribus
1098 3276 1134 3317 ac
1155 3256 1279 3318 nebulis

277 3365 420 3440 foedum3
450 3363 602 3440 asperitas
624 3363 776 3439 frigorum
793 3363 890 3424 abest.
933 3363 1062 3422 Dierum
1079 3362 1182 3441 spatia
1195 3363 1281 3422 ultra

278 3470 376 3531 nostri
391 3469 474 3528 orbis
489 3487 682 3543 mensuram3
708 3487 771 3530 nox
786 3468 869 3528 clara
883 3474 915 3528 et
932 3474 1073 3528 extrema
1094 3467 1280 3528 Britanniae

237 3589 266 3634 30
279 3580 367 3652 parte
391 3574 563 3648 breviant
587 3573 680 3633 finem
707 3580 801 3651 atque
826 3573 951 3634 initium
977 3573 1057 3634 lucis
1081 3573 1193 3649 exiguo
1218 3572 1280 3632 dis-

277 3680 405 3764 crimine
421 3682 622 3740 internosces.
662 3679 752 3749 Quod
766 3679 793 3739 si
807 3679 905 3739 nubes
919 3698 983 3738 non
998 3678 1144 3754 officiant,
1157 3661 1280 3756 adspici

278 3790 470 3862 pernoctem
489 3784 564 3845 solis
578 3784 742 3860 fulgorem,
758 3802 814 3843 nec
829 3784 969 3844 occidere
984 3789 1016 3844 et
1031 3801 1206 3860 exsurgere,
1223 3783 1279 3844 sed
