3000 4316
631 370 827 422 AGRICOLA.
1190 361 1231 424 29

230 563 353 625 quoque
380 551 413 605 et
439 544 492 604 hic
516 543 604 604 aliud
632 562 728 620 agens
756 543 890 621 populus
915 548 947 603 et
971 548 1166 604 ventitavere
1190 543 1230 604 ad

230 653 357 714 domum
380 657 413 711 et
437 650 586 729 perfora
610 655 642 710 et
665 649 797 709 circulos
822 649 920 708 locuti
944 655 1035 726 sunt3
1067 667 1124 710 neo
1148 650 1231 728 quis-

230 777 324 837 quam
345 756 454 817 audita
474 761 573 815 morte
588 754 752 830 Agricolae
770 760 825 814 aut
838 755 974 814 laetatus
990 760 1039 814 est
1052 760 1107 814 aut
1122 756 1230 816 statim

230 863 356 923 oblitus.
398 860 544 938 Augebat
565 859 797 920 miserationem
818 864 964 920 constans
986 878 1090 918 rumor
1110 878 1230 920 veneno

230 969 454 1046 interceptum:
483 965 572 1026 nobis
594 964 675 1026 nihil
696 963 857 1042 comperti,
873 964 957 1040 quod
977 963 1101 1024 firmare
1119 964 1258 1025 ausimo

231 1075 376 1134 Ceterum
390 1091 446 1151 per
460 1089 583 1132 omnem
598 1069 811 1130 valetudinem
828 1069 895 1130 eius
917 1069 1054 1130 crebrius
1076 1089 1170 1146 quam
1192 1089 1230 1130 ex

229 1198 314 1239 more
345 1177 549 1256 principatus,
579 1195 634 1254 per
662 1174 790 1236 nuntios
819 1174 952 1236 visentis
983 1181 1016 1234 et
1047 1174 1229 1235 libertorum

229 1285 324 1364 primi
346 1290 378 1344 et
398 1284 587 1343 medicorum
609 1281 714 1342 intimi
735 1299 858 1356 venere,
880 1280 946 1341 sire
967 1299 1042 1341 cura
1061 1280 1143 1340 illud
1164 1281 1230 1342 sive

229 1391 394 1468 inquisitio
422 1393 496 1448 erat.
554 1389 704 1465 Supremo
732 1386 861 1464 quidem
891 1386 942 1446 die
973 1391 1131 1446 momenta
1161 1386 1231 1464 ipsa

230 1495 406 1556 deficientis
436 1511 492 1572 per
520 1492 688 1570 dispositos
716 1510 856 1552 cursores
885 1489 1031 1550 nuntiata
1057 1491 1228 1567 constabat,
1243 1500 1273 1546 10

230 1601 317 1661 nullo
338 1600 483 1660 credente
505 1599 549 1659 sic
571 1597 736 1658 accelerari
757 1615 836 1675 quae
858 1595 960 1656 tristis
983 1595 1114 1656 audiret.
1158 1596 1231 1676 Spe-

230 1707 309 1766 ciem
330 1711 436 1765 tamen
457 1703 572 1764 doloris
592 1703 689 1764 animi
706 1700 893 1784 vultu[que]
910 1721 984 1780 prae
999 1720 1032 1762 se
1048 1701 1131 1776 tulit,
1147 1720 1231 1762 secu·

229 1831 282 1872 rus
303 1810 367 1870 iam
388 1810 453 1869 odii
473 1815 506 1869 et
527 1809 581 1886 qui
598 1808 725 1869 facilius
743 1807 956 1868 dissimularet
971 1808 1119 1885 gaudium
1136 1826 1228 1886 quam

229 1922 356 1976 metum.
413 1915 496 1975 Satis
528 1914 691 1974 constabat
722 1913 803 1973 lecto
833 1919 1023 1974 testamento
1054 1914 1228 1989 Agricolae,

229 2041 291 2101 quo
305 2021 485 2081 coheredem
500 2019 638 2097 optimae
652 2019 742 2078 uxori
757 2024 789 2078 et
803 2018 964 2095 piissimae
980 2018 1064 2078 filiae
1079 2019 1271 2082 Domitia-15

228 2148 305 2187 rrum
332 2126 467 2204 scripsit,
496 2125 648 2185 laetatum
675 2143 746 2184 eum
775 2123 862 2183 velut
892 2124 1009 2183 honore
1040 2123 1227 2202 iudicioque.

229 2235 307 2292 Tam
328 2250 420 2292 caeca
436 2237 468 2290 et
482 2235 634 2307 conrupta
647 2248 735 2290 mens
751 2229 890 2290 adsiduis
906 2228 1138 2290 adulationibus
1152 2235 1228 2304 erat,

228 2343 265 2397 ut
278 2337 413 2398 nesciret
427 2355 446 2397 a
459 2336 540 2396 bono
554 2340 643 2413 patre
659 2353 723 2396 non
744 2334 838 2396 scribi
859 2334 1006 2394 heredem
1027 2333 1090 2395 nisi
1110 2334 1228 2396 malurn

229 2460 410 2521 prmcrpem.

366 2633 527 2696 Retectiono
544 2646 579 2683 oa
596 2632 639 2684 tte
655 2631 869 2696 Opportcncacas
887 2633 919 2694 os
931 2632 974 2682 laio
991 2632 1088 2684 Deaib.

267 2765 316 2826 44.
345 2766 449 2826 Natus
463 2769 530 2825 erat
544 2762 692 2839 Agricola
707 2763 786 2822 Gaio
802 2763 932 2824 Caesare
950 2763 1080 2824 tertium
1101 2764 1228 2824 consule
1242 2772 1270 2816 2⁰
1302 2779 1311 2792 ⁸

229 2872 339 2932 Idibus
361 2870 479 2931 Iuniis:
509 2869 644 2930 excessit
665 2853 829 2947 quartoet
854 2869 1113 2948 quinquagesimo
1137 2888 1227 2946 anno,

229 2977 348 3037 decimo
371 2976 532 3037 Kalendas
552 2975 744 3052 Septembris
764 2973 900 3051 Conlega
914 2975 1082 3052 Priscoque
1098 2976 1229 3036 consuli-

228 3083 294 3143 bus.
330 3081 420 3152 Quod
434 3080 461 3141 si
475 3081 618 3140 habitum
629 3099 752 3158 quoque
767 3079 834 3141 eius
849 3080 966 3157 posteri
980 3099 1106 3141 noscere
1117 3081 1227 3156 velint,

228 3187 387 3247 decentior
412 3204 505 3264 quam
530 3185 694 3246 sublimior
718 3185 797 3260 fuit3
830 3185 910 3245 nihil
939 3192 1040 3246 metus
1069 3186 1102 3244 iu
1127 3186 1227 3262 vultu,

228 3293 330 3369 gratia
357 3291 421 3351 oris
449 3297 618 3369 supererat.
675 3292 798 3350 Bonum
825 3290 928 3350 virum
955 3290 1049 3350 facile
1077 3291 1227 3366 crederes,
1241 3296 1270 3342 25

227 3417 375 3474 magnum
400 3397 542 3457 libenter.
595 3397 638 3454 Et
662 3396 730 3473 ipse
752 3396 888 3473 quidem,
912 3415 1101 3473 quamquam
1126 3397 1228 3456 medio

227 3504 261 3562 in
283 3502 385 3580 spatio
406 3502 545 3578 integrae
567 3500 679 3560 aetatis
700 3507 835 3578 ereptae,
851 3506 1004 3576 quantum
1026 3501 1065 3560 ad
1086 3500 1226 3577 gloriam,

227 3607 445 3684 longissimum
462 3624 573 3667 aevum
594 3605 723 3684 peregit.
766 3605 884 3683 Opibus
906 3605 1013 3666 nimiis
1034 3624 1097 3665 non
1118 3607 1228 3682 gaude-

227 3715 290 3787 bat,
314 3713 472 3792 speciosae
496 3731 559 3770 non
583 3711 785 3786 contigerant.
838 3711 959 3788 Quippe
985 3717 1017 3770 et
1039 3729 1113 3770 vera
1136 3712 1226 3786 bona,

227 3839 307 3897 quae
327 3820 360 3877 in
378 3817 547 3877 virtutibus
570 3816 633 3877 sita
654 3821 736 3890 sunt,
752 3816 946 3893 impleverat,
962 3821 994 3875 et
1015 3816 1171 3877 consulari
1192 3836 1228 3878 ac
1241 3830 1270 3876 oo
