3000 4316
507 838 556 910 P.
588 836 828 912 CORNELII
863 837 1033 944 raom

445 1041 554 1136 Du
617 1038 1099 1137 cannariis

699 1262 856 1327 LIBER.⁴

420 1463 443 1520 1.
480 1463 632 1520 Gaurana
651 1463 867 1518 Dcscmrrrou.
906 1462 1024 1534 (Chape.
1039 1463 1130 1535 1-27.)

588 1615 759 1666 Boaudartes
776 1616 808 1678 os
822 1614 964 1676 Germanp.

317 1751 343 1812 l.
374 1749 542 1812 Germania
566 1748 667 1807 omnis
688 1767 707 1807 a
731 1746 833 1808 Gallis
857 1747 1027 1823 Raetisque
1050 1753 1082 1807 et
1103 1748 1277 1808 Panndniis

276 1858 388 1917 Rheno
403 1862 434 1916 ct
448 1854 593 1915 Danuvio
604 1853 794 1926 fluminibus
807 1871 826 1911 a
837 1852 987 1913 Sarmatis
999 1853 1156 1931 Dacisque
1167 1859 1277 1914 mutuo

277 1939 363 2022 metir
390 1967 444 2022 aut
471 1959 628 2019 montibus
658 1963 837 2036 separatur:
867 1945 972 2017 'cetera
999 1957 1140 2018 Oceanus
1168 1959 1275 2033 ambit,

278 2069 358 2128 latos
387 2067 474 2127 sinus
502 2071 533 2124 et
561 2064 734 2124 insularum
759 2063 902 2122 inmensa
926 2063 1030 2140 spatia
1057 2063 1276 2142 complectens,
1379 2076 1386 2086 ·

250 2187 376 2251 suuper
407 2171 539 2246 cognitis
571 2169 757 2246 quibusdam
789 2168 932 2245 gentibus
967 2187 1002 2228 ac
1038 2168 1170 2246 regibus
1199 2188 1277 2245 quos

278 2279 395 2340 bellum
417 2276 548 2355 aperuit.
591 2276 729 2348 Rhenus,
746 2273 946 2333 Raeticarum
968 2273 1098 2351 Alpium
1120 2274 1278 2334 inaccesso

279 2405 314 2446 ac
334 2382 499 2462 praecipiti
521 2381 635 2440 vertice
650 2386 746 2454 ortus,
775 2379 897 2438 modico
921 2378 1013 2438 flexu
1029 2379 1063 2437 in
1085 2379 1278 2439 occidentem

278 2509 387 2550 versus
406 2485 642 2565 septentrionali
661 2485 784 2546 Oceano
803 2484 959 2544 miscetur.
1004 2485 1168 2547 Danuvius
1189 2485 1278 2572 molli

280 2602 312 2655 et
333 2596 500 2654 clementer
525 2592 610 2651 edito
634 2591 751 2650 montis
772 2590 922 2650 Abnobae
945 2589 1018 2666 iugo
1039 2590 1156 2651 effusus
1178 2589 1278 2668 pluris

238 2718 267 2762 10
279 2700 410 2779 populos
426 2699 500 2772 adit,
513 2698 609 2756 donec
624 2697 657 2755 in
668 2696 834 2755 Ponticum
849 2714 934 2754 mare
946 2714 1002 2755 sex
1011 2696 1166 2756 meatibus
1181 2714 1279 2755 erum-

279 2811 351 2886 pat:
374 2803 542 2882 septimum
556 2822 589 2862 os
604 2802 771 2881 paludibus
786 2801 937 2862 hauritur.

698 2989 857 3050 Ethaolopy.

320 3123 349 3186 2.
378 3124 469 3201 Ipsos
495 3123 666 3182 Germanos
691 3120 854 3195 indigenas
879 3119 1063 3179 crediderim
1089 3119 1278 3199 minimeque

280 3233 412 3292 aliarum
427 3228 567 3305 gentium
583 3225 768 3286 adventibus
783 3231 815 3284 et
829 3225 976 3302 hospitiis
995 3225 1118 3300 mixtos,
1135 3226 1210 3303 quia
1222 3244 1279 3286 nec

280 3343 364 3398 terra
382 3335 466 3409 olim,
482 3333 537 3393 sed
553 3331 705 3392 classibus
722 3330 957 3390 advehebantur
978 3331 1032 3408 qui
1051 3337 1172 3392 mutare
1190 3332 1279 3392 sedes

239 3453 267 3497 15
281 3441 479 3520 quaerebant,
492 3445 524 3498 et
538 3438 698 3496 inmensus
712 3436 797 3496 ultra
811 3441 907 3513 utque
923 3435 967 3496 sic
983 3436 1115 3496 dixerim
1130 3437 1280 3497 adversus

274 3549 422 3616 ,Oceanus
438 3544 515 3604 raris
531 3543 569 3603 ab
584 3543 656 3602 orbe
671 3548 777 3602 nostro
791 3541 923 3601 navibus
938 3541 1052 3601 aditur.
1088 3541 1164 3612 Quis
1179 3561 1279 3620 porr0,

281 3658 405 3732 praeter
419 3648 590 3728 periculum
607 3648 726 3707 horridi
741 3653 773 3707 et
787 3628 886 3723 ignoti
899 3647 1002 3721 maris,
1015 3646 1093 3706 Asia
1104 3653 1159 3707 aut
1170 3647 1288 3746 Africa¹

282 3763 337 3818 aut
358 3756 454 3816 Italia
474 3755 585 3814 relicta
607 3753 808 3813 Germaniam
829 3757 958 3830 peteret,
982 3753 1149 3811 informem
1178 3737 1279 3824 terris,
1356 3739 1373 3752 '⁸

765 3858 796 3906 32
