3000 4316
278 363 297 424 2
591 371 620 419 r.
642 370 820 420 consumi
842 369 966 418 morri

277 546 347 605 foro
365 549 537 605 urerentur.
582 542 708 603 Scilicet
726 541 781 601 illo
801 541 871 618 igue
886 560 992 600 vocem
1014 541 1122 618 populi
1144 542 1277 600 Romani

279 656 311 710 et
338 650 516 710 libertatem
539 655 665 709 senatus
690 653 722 708 et
748 646 972 708 conscientiam
1001 646 1122 721 generis
1149 647 1279 705 humani

280 755 398 816 aboleri
416 753 657 829 arbitrabantur,
673 753 812 831 expulsis
830 753 958 830 insuper
972 751 1145 829 sapientiae
1162 751 1279 829 profes-

281 860 365 921 sorib
388 865 515 936 satque
556 859 631 1000 rupi,
641 858 681 918 bo
746 863 812 918 arte
834 857 1016 927 inexilium
1042 861 1120 932 acta,
1143 856 1280 932 nequid

253 977 412 1045 cusquam
456 983 513 1024 one
568 877 797 1051 mffleret.
841 962 993 1023 Dedimus
1008 963 1148 1040 profecto
1163 962 1280 1038 grande

281 1071 452 1149 patientiae
474 1071 712 1144 documentum,
734 1074 766 1128 et
783 1069 865 1128 sicut
882 1073 972 1127 vetus
994 1074 1080 1128 aetas
1094 1067 1185 1141 vidit,
1204 1066 1280 1144 quid

281 1176 426 1236 ultimum
452 1175 486 1234 in
510 1174 655 1235 libertate
680 1180 771 1248 esset,
794 1174 840 1233 ita
863 1193 929 1248 nos,
952 1172 1029 1249 quid
1056 1173 1090 1230 in
1118 1171 1279 1246 servitute,

269 1265 433 1444 Q
449 1299 504 1358 per
532 1279 752 1357 inquisitiones
776 1278 871 1338 etiam
899 1279 1048 1355 loquendi
1073 1276 1281 1353 audiendique
1348 1301 1351 1310 ¹

282 1403 406 1444 conmer
436 1405 461 1444 o.
514 1385 697 1444 Memoriam
715 1402 837 1461 quoque
849 1384 950 1460 ipsam
961 1402 1031 1442 oum
1042 1401 1116 1448 voce
1131 1380 1282 1460 perdidis-

242 1502 270 1547 10
284 1507 395 1564 semus,
422 1489 535 1549 sitam
559 1489 592 1547 in
617 1495 723 1549 nostra
744 1494 898 1566 potestate
919 1495 1001 1548 esset
1023 1487 1164 1548 oblivisci
1188 1506 1281 1563 quam

323 1699 350 1760 3.
373 1694 466 1758 Nunc
494 1700 618 1759 demum
646 1700 729 1759 redit
757 1700 879 1760 animus
908 1706 939 1760 et
967 1718 1155 1777 quamquam
1181 1698 1281 1775 primo

284 1805 391 1865 statim
419 1805 593 1865 beatissimi
622 1804 739 1866 saeculi
763 1811 834 1864 ortu
861 1806 968 1865 Nerva
993 1806 1107 1866 Caesar
1132 1821 1180 1862 res
1206 1801 1279 1861 olim

284 1909 491 1970 dissociabilis
517 1910 686 1984 miscuerit,
701 1909 911 1987 principatum
930 1929 964 1969 ac
984 1909 1171 1982 libertatem,
1193 1927 1283 1984 auge-

243 2031 270 2074 15
283 2021 377 2093 atque
396 2015 510 2075 cotidie
525 1993 711 2075 felicitatem
729 2021 902 2092 temporum
926 2015 1032 2073 Nerva
1048 2013 1209 2088 Traianus,
1225 2031 1283 2071 nec

284 2140 371 2198 spem
392 2121 483 2180 modo
504 2139 539 2181 ac
560 2127 666 2180 votum
687 2119 843 2180 Securitas
865 2120 1004 2194 Publica,
1023 2119 1078 2178 sed
1099 2119 1198 2196 ipsius
1215 2119 1282 2177 voti

370 2229 375 2240 '
794 2226 817 2277 '·
842 2231 954 2285 natura
968 2223 1099 2286 tameni
1155 2222 1282 2284 mitatis
1306 2259 1466 2331 Mu,

283 2333 437 2393 humanae
460 2333 599 2393 tardiora
622 2338 695 2391 sunt
718 2331 855 2390 remedia
871 2350 963 2408 quam
986 2329 1069 2389 mala
1108 2334 1140 2387 et
1161 2334 1399 2447 ww
1421 2350 1483 2420 μα

284 2457 360 2514 pora
373 2458 392 2496 n
415 2444 480 2498 stra
490 2439 574 2498 lente
585 2442 764 2514 augescunt,
776 2437 839 2496 cito
854 2436 1027 2511 extinguun
1066 2455 1089 2509 r,
1102 2434 1146 2494 sic
1157 2403 1413 2529 1ηςεωαψ
1423 2423 1468 2536 d„

241 2562 271 2607 ao
284 2458 450 2619 sullia‘ide
472 2543 663 2620 oppresseris
688 2541 815 2601 facilius
840 2561 933 2618 quarn
958 2539 1168 2600 revocaveris:
1198 2537 1283 2597 subit
1486 2543 1487 2550 ’

284 2647 400 2725 quippe
429 2649 524 2708 etiarn
553 2648 652 2725 ipsius
680 2647 812 2707 inertiae
840 2647 971 2706 dulcedo
996 2652 1027 2706 et
1051 2645 1154 2704 invisa
1181 2643 1283 2721 primo
1349 2627 1389 2764 p

284 2752 406 2812 desidia
426 2760 583 2831 postremo
600 2758 729 2812 amatur.
773 2751 879 2822 Quid?
911 2752 937 2811 si
956 2770 1012 2828 per
1031 2749 1209 2828 quindecim
1232 2767 1283 2807 an·
1308 2771 1456 2890 Μ

283 2877 339 2918 nos
382 2859 477 2918 rande
491 2857 632 2918 mortalis
644 2857 713 2916 aevi
728 2857 875 2934 spatium,
887 2856 979 2915 multi
994 2855 1135 2915 fortuitis
1149 2853 1282 2926 casibus

266 2951 536 3056 {ppromt'ssimus
561 2945 705 3059 quisque
715 2963 847 3022 saevitia
868 2961 1020 3039 principis
1048 2959 1281 3031 interciderunt,

241 3089 269 3132 25
284 3068 383 3144 pauci,
398 3074 434 3127 ut
448 3069 493 3128 ita
507 3068 649 3141 dixerim,
664 3087 727 3126 non
743 3068 835 3126 modo
856 3067 988 3126 aliorum
1005 3065 1166 3126 sedetiam
1180 3063 1295 3154 Q

284 3173 468 3265 superstites
482 3161 607 3247 isumus,
627 3173 781 3250 exemptis
803 3191 819 3231 e
841 3172 944 3230 rnedia
957 3171 1025 3230 vita
1041 3176 1088 3230 tot
1103 3169 1202 3242 annis,
1218 3168 1284 3244 qui-

275 3268 769 3352 maeotidem,
785 3296 874 3338 senes
890 3295 985 3353 prope
1001 3275 1041 3334 ad
1055 3275 1139 3352 ipsos
1155 3278 1282 3332 exactae

141 3442 149 3499 1
202 3433 227 3500 (a
283 3383 397 3486 aetatis
425 3384 574 3443 terminos
603 3401 658 3460 per
686 3383 844 3442 silentium
875 3381 1034 3440 venimus!
1076 3381 1150 3438 Non
1178 3383 1284 3436 tamen

13 3447 139 3595 ,ἔξω
150 3447 224 3598 ζῆ
231 3455 256 3599 ἐ
265 3451 402 3565 ⁸{rigebit
415 3490 465 3548 vel
480 3487 641 3547 incondita
651 3507 686 3546 ac
698 3488 769 3547 rudi
782 3505 854 3546 voce
865 3485 1046 3545 memoriam
1061 3483 1174 3562 prioris
1190 3482 1284 3542 servi-

22 3617 99 3674 γῆς
132 3594 362 3700 fl25„pptutis
382 3613 416 3653 ac
435 3593 651 3654 testimonium
666 3592 877 3670 praesentium
897 3591 1046 3650 bonorum
1062 3587 1281 3665 composuisse,

318 3699 347 3758 ic
361 3699 486 3758 interim
502 3698 582 3759 liber
596 3697 706 3756 honori
721 3698 749 3755 A
755 3696 884 3761 ricolae
900 3696 998 3755 soceri
1017 3695 1079 3754 mei
1097 3693 1283 3766 destinatus

283 3803 476 3880 professione
491 3802 619 3880 pietatis
634 3717 1180 3896 aut—

698 3895 910 3970 ΜΝΙῡὶθ
940 3885 1007 3952 5⁶⁸
1049 3901 1165 3968 Busa

706 3996 1091 4067 comitantem&
