3000 4316
281 350 322 412 30
363 335 364 340 ’
593 356 623 405 1.
649 355 823 405 connexu
846 356 970 406 raom

279 529 523 609 triumphalibus
545 529 736 589 ornamentis
758 529 900 607 praedito
920 530 996 608 quid
1015 531 1103 591 aliud
1122 533 1284 594 adstruere

278 638 408 698 fortuna
427 641 560 714 poterat,
581 634 649 694 filia
670 640 763 711 atque
784 653 880 694 uxore
902 636 1149 713 superstitibus?
1178 645 1284 717 potest

279 743 381 803 videri
406 742 502 802 etiam
529 741 639 800 beatus
664 740 813 800 incolumi
839 741 1002 817 dignitate,
1027 741 1159 804 florente
1186 743 1282 821 fama,

280 848 377 910 salvis
398 845 615 907 adfinitatibus
640 851 672 905 et
696 845 845 906 amicitiis
869 845 978 906 futura
1000 847 1156 924 effugisse.
1198 851 1283 910 Nam

251 955 362 1015 asicut
389 953 419 1012 ei
447 971 510 1011 non
534 950 625 1011 licuit
653 950 765 1010 durare
795 951 829 1009 in
857 950 938 1011 hanc
967 951 1141 1013 beatissimi
1165 955 1283 1015 saeculi

280 1059 382 1119 lucem
396 1077 431 1118 ac
446 1056 618 1135 principem
634 1055 804 1116 Traianum
817 1055 933 1131 videre,
946 1058 1029 1135 quod
1044 1059 1174 1134 augurio
1189 1061 1283 1120 votis-

280 1182 340 1242 que
361 1163 445 1242 apud
466 1168 589 1223 nostras
607 1161 692 1221 auris
707 1161 912 1236 minabatur,
927 1161 974 1222 ita
988 1163 1157 1223 festinatae
1171 1166 1282 1226 mortis

280 1270 397 1346 grande
416 1267 563 1329 solacium
582 1266 658 1327 tulit
679 1266 816 1326 evasisse
837 1272 1029 1344 postremum
1051 1268 1131 1327 illud
1146 1274 1281 1348 tempus,

280 1394 342 1453 quo
366 1373 566 1433 Domitianus
581 1369 654 1430 'nou
678 1371 740 1431 iam
763 1389 818 1448 per
842 1370 1010 1432 intervalla
1033 1391 1069 1432 ao
1089 1373 1283 1452 spiramenta

239 1494 268 1540 10
279 1485 465 1558 temporum,
481 1478 536 1538 scd
557 1477 704 1537 continno
726 1482 757 1536 et
772 1467 860 1537 ielut
880 1496 943 1537 uno
959 1477 1025 1538 ictu
1040 1497 1104 1538 rem
1122 1480 1281 1557 publicam

279 1585 433 1646 exhausit.

319 1689 367 1752 45.
396 1691 469 1749 Non
490 1689 571 1748 vidit
593 1687 740 1764 Agricola
769 1687 926 1748 obsessam
947 1687 1067 1748 curiam
1087 1694 1119 1750 et
1138 1689 1280 1752 clausum

279 1796 374 1856 amnis
394 1801 539 1856 senatum
557 1800 588 1854 et
608 1793 718 1852 eadem
739 1799 843 1870 strage
864 1799 912 1854 tot
932 1794 1143 1855 consularium
1159 1797 1279 1873 caedes,

277 1903 325 1958 tot
341 1897 606 1959 nobilissimarum
624 1898 814 1957 feminarum
836 1898 932 1959 exilia
950 1905 982 1959 et
997 1899 1098 1976 fugas.
1141 1904 1216 1964 Una
1230 1904 1281 1963 ad·

238 2021 266 2066 16
278 2005 338 2066 huc
355 2005 487 2065 victoria
508 2005 605 2064 Carus
623 2004 743 2065 Metius
764 2005 948 2065 censebatur
969 2011 1001 2065 et
1022 2005 1106 2066 intra
1122 2006 1279 2068 Albanam

279 2129 381 2171 arcem
402 2109 559 2171 sententia
582 2109 746 2170 Messalini
772 2110 930 2188 strepebat
951 2116 983 2171 et
1010 2113 1118 2172 Massa
1142 2114 1279 2176 Baebius

278 2217 418 2276 nondum
442 2234 512 2275 reus
536 2221 620 2274 erat:
647 2233 728 2274 mox
751 2220 877 2276 nostrae
901 2216 1018 2276 duxere
1038 2217 1223 2278 Helvidium
1245 2221 1279 2279 in

277 2339 432 2382 carcerem
466 2339 593 2396 manus;
628 2339 685 2380 nos
712 2320 848 2380 Maurici
882 2321 1068 2400 Rusticique
1096 2279 1279 2440 vibibifriils

277 2427 437 2487 innocenti
458 2426 608 2502 sanguine
633 2425 763 2486 Senecio
787 2425 935 2504 perfudit.
980 2427 1064 2487 Nero
1082 2434 1188 2489 tamen
1210 2431 1279 2491 sub

234 2552 264 2598 ao
277 2533 376 2593 traxit
392 2534 497 2594 oculos
515 2551 586 2593 suos
603 2531 758 2609 iussitque
777 2531 902 2607 scelera,
918 2551 980 2591 non
999 2534 1170 2610 spectavit:
1193 2554 1278 2612 prae

277 2638 370 2717 cipua
400 2639 457 2699 sub
486 2638 667 2697 Domitiano
696 2637 893 2697 miseriarum
923 2656 995 2715 pars
1024 2643 1091 2699 erat
1110 2639 1217 2699 videre
1245 2647 1278 2701 et

276 2745 405 2822 adspioi,
420 2763 491 2804 cum
512 2743 647 2821 suspiria
666 2748 775 2803 nostra
795 2743 1070 2820 subscriberentur,
1095 2763 1166 2804 cum
1187 2745 1279 2806 deno-

275 2850 380 2910 tandis
391 2855 439 2910 tot
453 2848 616 2909 hominum
626 2849 798 2927 palloribus
812 2847 966 2908 sufficeret
980 2867 1091 2911 saevus
1103 2851 1157 2911 ille
1167 2851 1276 2913 vultus

276 2961 308 3016 et
322 2955 423 3031 rubor,
438 2975 499 3032 quo
514 2973 547 3016 se
562 2960 670 3014 contra
683 2954 833 3032 pudorem
847 2953 1016 3015 muniebat.

717 3141 860 3204 Epilopue.

232 3278 262 3324 aa
314 3268 364 3327 Tu
382 3284 457 3326 vero
484 3264 573 3341 felix,
594 3265 750 3342 Agricola,
774 3285 838 3325 non
864 3265 949 3326 vitae
973 3271 1097 3326 tantum
1121 3265 1275 3343 claritate,

238 3421 239 3426 1
275 3373 330 3434 sed
346 3372 440 3432 etiarn
456 3372 690 3450 opportunitate
705 3371 822 3430 mortis¹
866 3373 914 3432 Ut
927 3372 1094 3450 perhibent
1111 3372 1166 3450 qui
1182 3373 1277 3432 inter·

274 3478 405 3538 fuerunt
427 3476 606 3537 novissimis
634 3477 827 3537 sermonibus
852 3477 926 3552 tuis,
948 3483 1094 3537 constans
1119 3483 1151 3537 et
1172 3477 1275 3540 libens

175 3567 177 3572 ¹
274 3583 376 3644 fatum
404 3583 565 3660 excepisti,
586 3581 745 3660 tamquam
773 3602 829 3660 pro
850 3582 937 3641 virili
964 3583 1108 3661 portione
1132 3583 1275 3644 innocen-

275 3689 352 3749 tiam
372 3687 509 3767 principi
531 3688 669 3747 donares
726 3687 788 3748 Sed
815 3688 893 3746 mibi
924 3687 1069 3766 filiaeque
1096 3690 1163 3750 eius
1191 3710 1275 3769 prae-

234 3798 324 3853 toter
346 3793 544 3854 acerbitatem
568 3792 707 3870 parentis
729 3793 829 3870 erepti
855 3799 947 3867 auget
968 3794 1168 3870 maestitiam,
1191 3797 1275 3874 quod
