3000 4316
235 387 355 435 ,υ
630 368 824 420 ucmoouu.

10 408 566 542 t,flod.,un,¹>³·w

226 545 352 606 habitus
381 544 481 605 nostri
513 543 611 604 honor
640 549 672 602 et
705 542 854 620 frequens
882 549 961 619 toga.
1008 541 1228 621 Paulatimque

226 652 411 711 descensum
428 650 468 709 ad
482 648 693 709 delenimenta
706 647 865 723 vitiorum,
883 648 1022 726 porticus
1037 655 1069 708 et
1086 648 1228 710 balineas

225 762 258 816 et
278 755 493 816 conviviorum
514 753 711 830 elegantiam.
765 752 866 831 quue
888 754 971 831 apud
992 753 1153 832 imperitos
1174 754 1229 814 hu·

226 860 361 921 manitas
375 860 553 934 vocabatur,
568 877 640 918 cum
654 877 726 936 pars
742 858 903 919 servitutis
919 863 1009 919 esset.

266 965 314 1026 22.
344 965 468 1026 Tertius
490 964 725 1042 expeditionum
746 983 846 1024 annus
866 983 963 1024 novas
978 965 1080 1040 gentis
1095 967 1256 1044 aperuit,5

116 1150 119 1154 Ι
226 1071 359 1132 vastatis
372 1089 472 1148 usque
486 1070 527 1129 ad
542 1071 684 1130 Tanaum
697 1068 866 1148 (aestuario
886 1088 1000 1129 nomen
1019 1071 1080 1150 est)
1096 1071 1229 1131 nationi-

225 1178 291 1237 bus.
334 1177 403 1247 Qua
422 1175 592 1236 formidine
613 1175 717 1235 territi
738 1175 844 1235 hostes
866 1194 1054 1253 quamquam
1074 1176 1228 1238 conflicta

226 1288 292 1341 tum
307 1281 409 1341 saevis
429 1280 671 1358 tempestatibus
692 1281 864 1350 examitum
884 1280 1035 1340 lacessere
1056 1300 1118 1341 non
1140 1283 1226 1358 ausi3

225 1386 440 1465 ponendisque
454 1385 582 1472 iusuper
599 1385 737 1446 castellis
755 1385 891 1463 spatium
906 1386 977 1446 fuit.
1024 1377 1228 1448 Adnota‘bant

225 1492 320 1571 periti
341 1511 405 1550 non
430 1471 660 1552 alium‘duoem
681 1491 930 1569 opportunitates
953 1491 1089 1551 locorum
1108 1493 1270 1570 sapiencie

225 1598 289 1658 tius
308 1597 439 1673 legiss03
462 1596 584 1656 nullum
605 1596 814 1673 ab·›Agrieola
834 1597 972 1674 positum
993 1597 1157 1657 castellum
1172 1604 1228 1658 aut

225 1703 258 1762 vi
272 1702 411 1763 hostium
430 1707 642 1780 expugnatum
657 1707 712 1762 aut
730 1702 875 1780 pactione
898 1721 933 1762 ao
953 1703 1031 1778 iuga
1051 1703 1226 1780 desertum

225 1810 349 1869 crebrae
374 1808 563 1885 eruptiones,
585 1827 658 1867 nam
682 1808 832 1868 adversus
856 1827 957 1868 moras
982 1809 1154 1870 obsidionis
1176 1829 1228 1871 an-

225 1914 296 1974 nuis
318 1913 416 1992 copiis
437 1912 649 1973 firmabantur.
694 1913 745 1973 Ita
763 1913 921 1990 intrepida
942 1913 987 1972 ihi
1004 1913 1105 1973 hiems
1119 1918 1151 1974 et
1166 1915 1227 1975 sihi

226 2019 357 2097 quisque
382 2017 547 2096 praesidio,
568 2018 672 2078 inritis
695 2017 839 2116 hoptibus
863 2037 959 2096 eoque
979 2019 1226 2096 desperantibus,
1241 2030 1269 2074 15

226 2124 300 2202 quia
317 2123 403 2184 soliti
424 2123 608 2201 plerumque
627 2111 740 2183 damni
757 2123 885 2183 aestatis
903 2122 1043 2184 hibernis
1063 2125 1226 2186 eventibus

225 2249 355 2307 pensare
370 2235 436 2288 tum
453 2235 571 2289 aestate
587 2234 681 2306 atque
696 2228 798 2288 hieme
813 2228 903 2292 iuxta
917 2229 1123 2307 pellebantur.
1159 2231 1227 2290 Nec

225 2335 374 2411 Agricola
390 2353 536 2412 umquam
553 2347 612 2416 per
628 2333 707 2394 alios
727 2340 816 2410 gesta
834 2334 945 2394 avidus
967 2334 1149 2412 intercepit:
1172 2354 1227 2396 seu

225 2439 365 2499 centurio
388 2457 442 2500 seu
466 2439 644 2516 praefectus
663 2439 884 2517 iuconruptum
906 2439 984 2499 facti
1006 2445 1120 2500 testem
1136 2440 1227 2500 hahe-

224 2544 287 2604 bat.
330 2544 425 2621 Apud
448 2563 509 2622 quo
548 2563 598 2604 am
626 2545 765 2604 acerbior
792 2545 825 2602 in
852 2545 1001 2604 conviciis
1032 2546 1225 2621 narrabatur,
1239 2558 1269 2604 ao

225 2654 256 2709 et
279 2654 316 2708 ut
340 2655 407 2708 erat
430 2651 508 2708 comi
552 2651 650 2726 bonis,
672 2651 718 2710 ita
738 2650 888 2709 adversus
911 2649 1009 2710 malos
1027 2650 1224 2711 iniucundus.

224 2755 370 2815 Ceterum
384 2773 423 2813 ex
438 2754 502 2814 irae
549 2754 602 2814 dia
622 2754 705 2813 nihil
725 2761 887 2831 supererat
908 2761 1070 2829 secretum,
1085 2762 1122 2815 ut
1136 2757 1227 2815 silen-

223 2860 304 2920 tium
319 2861 385 2920 sius
399 2878 462 2918 non
476 2860 501 2919 ti
554 2878 617 2920 res:
640 2860 804 2920 honestius
818 2880 839 2938 p
877 2861 950 2920 ebat
964 2860 1121 2920 offendere
1133 2879 1226 2938 quam

263 3069 310 3131 23.
340 3071 459 3140 Quarta
492 3076 595 3131 aestas
630 3071 809 3132 obtinendis
843 2955 1152 3156 qnanercurrerat
1181 3072 1267 3132 in-ao

224 3181 366 3253 sumpta;
402 3194 437 3235 ac
465 3176 492 3236 si
517 3176 619 3236 virtus
647 3158 786 3235 enercitu
861 3178 1062 3397 gomani
1089 3177 1225 3238 nominis

203 3278 324 3357 ‘gloria
350 3287 519 3358 pateretur,
541 3281 689 3342 inventus
717 3281 751 3340 in
778 3281 828 3359 ips
964 3282 1039 3342 unia
1062 3283 1223 3343 terminus.

223 3386 367 3463 Namque
395 3386 486 3446 Clota
513 3392 546 3446 et
573 3387 723 3446 Bodotria
747 3387 865 3446 diveri
960 3388 985 3448 ‘s
1007 3388 1145 3448 aestibus
1170 3406 1225 3465 per

186 3493 187 3498 ’
223 3490 400 3550 inmensum
413 3496 564 3566 retectae,
580 3497 714 3568 augusto
729 3497 829 3552 terrar
953 3493 999 3552 tio
1017 3493 1223 3553 dirimuntur:

223 3595 307 3673 quod
316 3602 384 3656 tum
399 3595 565 3673 praesidiis
580 3596 762 3657 firmabatur
777 3603 852 3675 atqu
881 3617 931 3657 om
957 3598 981 3658 's
996 3598 1123 3676 propior
1137 3598 1224 3658 sinus
1237 3609 1267 3656 30

223 3702 397 3777 tenebatur,
427 3701 579 3762 submotis
594 3702 729 3761 velutin
744 3702 837 3761 aliam
852 3702 987 3762 insulam
1002 3703 1153 3763 hostibus.

262 3806 310 3867 24.
340 3807 457 3878 Quinto
478 3807 714 3885 expeditionum
735 3826 816 3866 anno
836 3826 915 3868 nave
935 3808 1037 3886 prima
1055 3815 1225 3886 transgres-
