3000 4316
613 349 809 400 neareonn.
1172 339 1213 402 19

211 539 305 600 quem
324 521 388 581 iam
409 521 510 581 hostis
532 521 697 581 insederat.
744 521 827 581 Nam
849 521 995 582 Britanni
1017 521 1098 581 nihil
1119 523 1213 584 fracti

210 645 334 705 pugnae
354 626 468 704 prioris
489 633 612 700 eventu,
628 632 660 686 et
681 626 833 686 ultionem
855 633 911 686 aut
928 627 1091 687 servitium
1106 646 1213 706 expec-

210 736 324 807 tantes,
349 732 538 809 tandemque
562 731 647 791 docti
671 749 823 790 conrnune
848 732 1022 808 periculum
1048 733 1213 794 concordia

210 835 466 915 propulsandum,
489 835 696 912 legationibus
719 842 751 895 et
774 836 954 897 foederibus
978 837 1118 896 omnium
1140 838 1213 898 civi-

210 947 312 1001 tatum
336 940 414 1001 viris
442 941 632 1000 exciverant.
685 941 815 1018 Iamque
843 960 936 1018 super
963 941 1094 1017 triginta
1122 942 1238 1003 miliat

211 1052 399 1106 armatorum
431 1045 693 1123 adspiciebantur,
727 1051 758 1106 00
789 1046 890 1105 adhuc
922 1045 1080 1107 adfluebat
1111 1047 1211 1108 omnis

211 1151 357 1211 iuventus
379 1157 410 1210 et
432 1150 546 1228 quibus
567 1150 663 1211 cruda
683 1169 719 1210 ac
737 1151 847 1212 viridis
863 1160 1015 1226 senectus,
1031 1152 1108 1211 clari
1129 1152 1212 1211 bello

211 1261 244 1316 et
265 1275 321 1316 sua
341 1255 474 1334 quisque
496 1257 607 1316 decora
628 1262 795 1332 gestantes,
811 1275 882 1315 curn
903 1257 986 1316 inter
1002 1257 1102 1335 pluris
1118 1258 1211 1318 duces

191 1357 327 1422 'virtute
349 1368 381 1422 et
402 1379 513 1436 genere
534 1366 696 1438 praestans
719 1361 844 1420 nomine
867 1360 1018 1438 Calgacus
1040 1363 1125 1439 apud
1145 1381 1213 1421 con-

211 1475 342 1528 tractam
362 1466 598 1526 multitudinem
618 1466 770 1544 proelium
793 1472 972 1544 poscentem
993 1468 1026 1526 in
1047 1468 1131 1527 hunc
1152 1488 1213 1528 mo·
1226 1481 1254 1526 10

212 1575 286 1634 dum
300 1573 422 1632 locutus
437 1572 553 1631 fertur:
633 1593 636 1598 ·

559 1751 656 1815 speech
674 1754 706 1816 os
723 1751 863 1816 Calgacus.

251 1879 299 1940 30.
330 1877 497 1950 ‘Quotiens
525 1896 634 1938 causas
661 1877 738 1937 belli
763 1884 795 1937 et
823 1863 1043 1938 necessitatem
1073 1884 1213 1939 nostram

211 1987 342 2057 intueor,
368 2003 499 2062 magnus
523 1982 602 2042 mihi
627 1983 749 2043 animus
771 1989 820 2043 est
844 1982 1029 2043 hodiernum
1048 1984 1130 2043 diem
1145 2003 1213 2044 000-

211 2107 398 2167 sensumque
426 2094 565 2148 vestrum
593 2087 720 2147 initium
751 2088 907 2148 libertatis
942 2089 1001 2148 toti
1030 2089 1212 2149 Britanniae

211 2196 295 2272 fore;
317 2213 390 2255 nam
404 2200 437 2253 et
450 2193 588 2254 universi
610 2193 771 2253 servitutis
794 2199 936 2270 expertes
953 2200 986 2254 et
1002 2193 1107 2253 nullae
1128 2195 1213 2255 ultra
1226 2212 1254 2257 15

210 2306 312 2360 terrae
340 2318 375 2359 00
403 2317 442 2357 00
469 2316 554 2358 mare
582 2297 708 2374 quidem
739 2316 890 2372 securum,
921 2299 1094 2358 inminente
1121 2299 1212 2360 nobis

210 2405 310 2466 classe
325 2405 474 2464 Romana.
518 2404 570 2462 Ita
583 2403 734 2480 proelium
752 2410 845 2480 atque
868 2423 954 2464 arma
975 2423 1054 2482 quae
1076 2405 1211 2465 fortibus

210 2511 350 2585 honesta,
372 2510 481 2570 eadem
508 2509 603 2569 etiarn
625 2507 748 2584 ignavis
770 2509 929 2569 tutissima
954 2515 1034 2568 sunt.
1087 2506 1219 2570 Priores

211 2635 342 2694 pugnae,
354 2615 468 2693 quibus
483 2615 633 2674 adversus
644 2615 802 2673 Romanos
814 2613 902 2673 varia
915 2614 1045 2673 fortuna
1058 2620 1212 2674 certatum

210 2728 268 2796 est,
283 2739 369 2798 spem
385 2738 420 2779 ac
435 2719 609 2780 subsidium
623 2719 658 2777 in
671 2720 787 2779 nostris
802 2719 945 2778 manibus
960 2719 1126 2795 habebant,
1138 2721 1212 2798 quia
1225 2735 1254 2779 20

210 2825 398 2886 nobilissimi
413 2825 512 2884 totius
526 2825 710 2884 Britanniae
724 2843 822 2901 eoque
843 2824 877 2883 in
898 2824 976 2902 ipsis
998 2825 1212 2901 penetralibus

211 2931 265 2992 siti
285 2950 342 2991 nec
363 2931 568 2992 servientium
584 2929 679 2988 litora
698 2928 917 3006 adspicientes,
932 2927 1038 2987 oculos
1057 2947 1178 3007 quoque
1194 2948 1213 2989 0

210 3041 355 3097 00000000
368 3034 591 3096 dominationis
609 3033 776 3094 inviolatos
792 3034 992 3094 habebamus.
1035 3033 1104 3094 Nos
1119 3039 1212 3093 terra

209 3160 277 3201 rurn
297 3160 332 3201 00
352 3139 508 3200 libertatis
527 3145 683 3200 extremos
702 3157 841 3199 recessus
861 3139 928 3215 ipsc
947 3157 982 3197 00
995 3137 1095 3207 sinus?
1108 3140 1211 3198 famae
1236 3121 1300 3178 ΜΨ
1324 3149 1335 3166 ““

209 3247 244 3305 10
257 3247 341 3306 hunc
355 3245 439 3305 diem
453 3244 616 3320 defendit3
638 3250 732 3322 atque
747 3262 837 3303 omne
856 3243 997 3318 ignotum
1018 3262 1075 3320 pro
1096 3244 1212 3320 magni·
1225 3255 1253 3298 25

209 3351 268 3412 fico
289 3357 353 3412 est:
379 3338 441 3412 sed
454 3368 537 3409 nuno
557 3349 709 3409 terminus
731 3348 914 3408 Britanniae
928 3339 1128 3430 patet-puna
1149 3347 1211 3408 iam

208 3457 294 3517 ultra
318 3475 403 3532 gens,
424 3455 506 3516 nihil
527 3455 591 3515 nisi
612 3454 726 3514 fluctis
748 3458 780 3512 et
801 3473 877 3514 saxa
898 3460 930 3513 et
950 3453 1131 3514 infestiores
1152 3455 1212 3512 Re

209 3562 304 3637 mani,
322 3581 453 3638 quorum
475 3561 651 3638 superbiam
672 3560 792 3619 frustra
813 3579 868 3637 per
888 3559 1073 3636 obsequium
1094 3577 1129 3618 00
1150 3578 1211 3617 mo

211 3667 344 3727 destiam
378 3665 533 3742 effugeris.
590 3666 744 3742 Raptores
780 3664 872 3738 orbis,
902 3668 1068 3741 postquam
1099 3668 1212 3723 cuncta

211 3771 407 3832 vastantibus
429 3771 556 3830 defuere
577 3775 688 3845 terrae,
709 3769 772 3829 iam
793 3775 825 3829 00
845 3785 930 3828 mare
959 3773 1154 3828 scrutantur:
1184 3769 1254 3828 0100
