3000 4316
271 318 311 381 16
580 325 609 374 r.
631 324 805 374 coaunuu
827 324 953 375 mmm

270 519 323 561 sus
337 500 459 575 ignotas
472 499 512 559 ad
526 498 560 556 id
574 503 698 574 tempus
713 496 815 572 gentis
827 496 943 556 crebris
959 496 1053 556 simul
1068 515 1103 557 ao
1114 498 1272 575 prosperis

269 604 397 684 proeliis
419 604 555 677 domuit3
578 620 708 679 eamque
729 607 851 679 partem
867 601 1051 662 Britanniae
1066 621 1145 680 quae
1160 603 1273 662 Hiber·

270 709 355 769 niam
369 708 503 786 adspicit
517 707 623 786 copiis,
641 708 802 782 instruxit,
824 707 858 767 in
883 726 971 785 spem
992 708 1092 783 magis
1115 727 1208 786 quam
1233 709 1273 769 ob

269 816 479 888 formidinem,
495 814 522 874 si
536 814 663 891 quidem
681 813 836 873 Hibernia
856 813 959 872 medio
975 813 1059 872 inter
1074 813 1272 873 Britanniam

242 927 364 998 eatque
378 919 567 997 Hispaniam
589 919 650 978 sita
671 925 703 979 et
724 918 847 979 Gallico
862 935 985 995 quoque
1003 918 1082 978 mari
1097 924 1274 996 opportuna

271 1025 518 1086 valentissimam
543 1024 667 1102 imperii
691 1029 814 1101 partem
838 1023 960 1099 magnis
982 1023 1015 1083 in
1038 1023 1137 1083 vicem
1162 1023 1272 1084 usibus

270 1131 437 1191 misouerit.
481 1129 624 1207 Spatium
645 1129 722 1204 eius,
745 1129 772 1189 si
793 1129 976 1188 Britanniae
995 1135 1201 1207 comparetur,
1222 1148 1273 1189 an-

271 1237 401 1312 gustius,
419 1236 520 1295 nostri
537 1234 632 1294 maris
650 1234 769 1294 insulas
787 1240 923 1311 superat.
969 1235 1075 1294 Solum
1090 1235 1272 1312 caelumque

271 1347 302 1402 et
316 1341 442 1417 ingenia
456 1340 620 1417 cultusque
641 1339 803 1398 hominum
824 1339 908 1398 haud
925 1340 1059 1400 multum
1074 1358 1093 1399 a
1107 1339 1274 1400 Britannia

229 1457 257 1502 10
271 1447 421 1507 differunt
437 1446 487 1525 [in
501 1445 642 1526 melius].
691 1444 808 1504 Aditus
823 1450 992 1522 portusque
1012 1463 1067 1522 per
1100 1444 1274 1505 commercia

271 1558 303 1612 et
333 1552 542 1627 negotiatores
571 1550 696 1625 cogniti.
747 1549 895 1625 Agricola
923 1549 1089 1628 expulsum
1119 1550 1273 1610 seditione

271 1657 441 1719 domestica
463 1676 559 1716 unum
583 1675 621 1715 ex
646 1656 764 1732 regulis
795 1657 898 1731 gentis
928 1662 1093 1733 exceperat
1113 1673 1148 1716 ac
1170 1655 1273 1734 specie

271 1763 429 1824 amicitiae
453 1763 487 1821 in
506 1762 698 1822 occasionem
722 1761 885 1821 retinebat.
930 1762 1028 1838 Saepe
1053 1779 1091 1820 ex
1111 1779 1147 1820 eo
1165 1761 1273 1821 audivi

271 1869 393 1944 legione
421 1887 484 1927 una
510 1873 541 1927 et
569 1867 700 1926 modicis
728 1866 855 1926 auxiliis
890 1866 1042 1926 debellari
1076 1852 1273 1944 obtinerique

230 1987 258 2032 15
272 1973 458 2033 Hiberniam
473 1990 581 2050 posse;
603 1972 697 2048 idque
715 1971 809 2030 etiam
826 1971 974 2031 adversus
995 1971 1191 2031 Britanniam
1207 1990 1275 2048 pro

271 2080 424 2153 futurum,
447 2078 474 2138 si
495 2079 637 2137 Romana
656 2076 772 2154 ubique
799 2095 886 2136 arma
907 2082 938 2136 et
960 2076 1047 2136 velut
1069 2095 1085 2136 e
1106 2082 1272 2154 conspectu

273 2185 400 2244 libertas
415 2184 587 2243 tolleretur.
609 2231 630 2258 ,

312 2289 360 2350 25.
390 2290 533 2350 Ceterum
550 2293 677 2362 aestate,
693 2306 756 2365 qua
770 2292 893 2347 sextum
908 2286 1001 2346 officii
1018 2304 1134 2346 annum
1151 2285 1275 2346 incoha

273 2396 335 2470 bat,
347 2395 508 2471 amplexus
523 2393 668 2452 civitates
683 2398 770 2452 trans
785 2391 968 2452 Bodotriam
983 2392 1069 2466 sitaS,
1082 2391 1157 2469 quia
1169 2397 1273 2452 motus

230 2517 260 2563 ao
272 2500 488 2559 universarum
503 2499 587 2557 ultra
606 2497 745 2574 gentium
767 2502 799 2556 et
820 2497 939 2558 infesta
957 2497 1100 2556 hostibus
1119 2496 1273 2557 exercitus

272 2605 387 2664 itinera
407 2604 547 2678 timebat,
562 2608 671 2680 portus
692 2602 791 2662 classe
812 2602 1003 2680 exploravit3
1026 2620 1105 2680 quae
1127 2602 1167 2662 ab
1185 2601 1276 2677 Agri-

273 2711 342 2770 cola
367 2709 503 2787 primnm
531 2709 698 2785 adsumpta
726 2707 760 2767 in
789 2713 911 2785 partem
939 2707 1054 2767 virium
1088 2707 1275 2785 sequebatur

273 2815 398 2891 egregia
419 2814 530 2892 specie,
546 2832 613 2873 cum
638 2812 732 2873 simul
752 2819 845 2887 terra,
866 2812 960 2873 simul
981 2812 1061 2872 mari
1081 2812 1199 2872 bellum
1220 2811 1276 2870 im-

274 2921 452 2999 pelleretur,
481 2938 516 2979 ac
545 2937 636 2996 saepe
664 2918 764 2978 isdem
792 2918 903 2978 castris
936 2919 1031 2996 pedes
1059 2935 1215 2995 equesque
1243 2922 1275 2976 et

232 3043 260 3088 25
274 3026 418 3086 nauticus
438 3025 528 3084 miles
545 3024 638 3083 mixti
653 3023 751 3101 copiis
768 3029 800 3083 et
816 3023 940 3084 laetitia
957 3042 1014 3083 sua
1031 3023 1162 3101 quisque
1180 3023 1274 3096 facta,

275 3151 347 3192 suos
372 3149 461 3190 casus
486 3130 683 3204 adtollerent,
707 3147 742 3188 ac
765 3130 856 3188 modo
885 3129 1035 3189 silvarum
1065 3147 1100 3188 ac
1122 3128 1274 3187 montium

275 3236 440 3315 profunda,
456 3236 547 3294 modo
566 3209 788 3311 tempestatum
812 3253 846 3294 ac
869 3233 1021 3293 fluctuum
1042 3234 1181 3306 adversa,
1201 3233 1275 3292 hinc

274 3349 359 3403 terra
383 3347 415 3401 et
442 3341 553 3416 hostis,
574 3340 648 3399 hinc
670 3340 773 3400 victus
803 3340 944 3400 Oceanus
974 3340 1104 3399 militari
1126 3338 1276 3398 iactantia

275 3452 536 3525 compararentur.
580 3445 748 3505 Britannos
768 3465 899 3523 quoque,
921 3451 956 3504 ut
978 3463 1017 3504 ex
1037 3444 1171 3523 captivis
1193 3443 1277 3503 audi-

232 3567 262 3613 30
275 3554 393 3627 ebatur,
421 3552 491 3612 visa
524 3551 633 3611 classis
668 3550 946 3628 obstupefaciebat‚
974 3555 1134 3627 tamquam
1167 3554 1276 3626 aperto

275 3659 370 3719 maris
392 3657 442 3717 sui
463 3661 581 3717 secreto
602 3656 749 3715 ultimum
764 3656 857 3715 vietis
874 3655 1051 3733 perfugium
1069 3656 1274 3715 clauderetur.

276 3763 327 3823 Ad
361 3781 472 3822 manus
506 3767 538 3820 et
572 3779 659 3820 arma
693 3761 833 3820 conversi
868 3760 1069 3820 Caledoniam
1104 3760 1275 3820 incolentes
