3000 4316
619 341 815 391 asamona.
1178 332 1219 396 23

151 494 153 497 ¹
182 582 184 586 ,
217 497 299 590 quus
314 521 361 574 est
376 534 523 574 numerus
537 515 721 589 ignavorum
736 520 768 574 et
781 515 996 575 metuentium.
1038 515 1121 585 Quos
1135 517 1220 593 quod

216 620 345 679 tandem
364 619 540 691 invenistia
559 639 621 678 non
640 619 833 695 restiterunt,
854 621 909 680 sed
931 621 1115 698 deprehensi
1133 627 1217 698 sunt3

216 725 405 784 novissimae
419 743 468 784 res
484 731 515 783 ct
530 730 685 784 extremus
704 731 805 785 metus
824 744 951 804 corpora
970 725 1106 787 defixere
1120 727 1153 786 in
1168 727 1218 788 his

139 809 140 813 Ἰ
216 829 369 906 vestigiis,
392 830 425 889 in
450 830 563 908 quibus
588 830 753 908 pulchram
776 836 808 890 et
831 831 1034 909 spectabilem
1056 832 1218 893 victoriam

216 936 359 996 ederetis.
403 935 583 1012 Transigite
601 953 672 994 cum
688 935 949 1014 expeditionibus,
964 937 1117 1016 imponite
1131 938 1246 1016 quin-s

217 1041 369 1118 quaginta
396 1039 487 1100 annis
515 1059 663 1116 magnum
687 1041 780 1122 diem,
803 1041 974 1120 adprobate
1002 1043 1046 1102 rei
1075 1044 1218 1122 publicae

163 1161 166 1170 ·
216 1165 387 1224 numquam
415 1145 567 1206 exercitui
595 1129 746 1225 imputari
773 1147 914 1225 potuisse
938 1154 993 1208 aut
1017 1167 1119 1210 moras
1143 1149 1218 1210 belli

217 1257 273 1311 aut
293 1269 402 1312 causas
424 1251 616 1312 rebellandi!

510 1443 600 1492 Buttle
618 1448 647 1493 ut
663 1443 761 1492 Mouut
781 1441 926 1505 Graupius.
996 1447 1005 1472 ²

257 1563 305 1626 85.
334 1566 377 1624 Et
398 1565 585 1643 adloquente
607 1565 708 1626 adhuc
728 1566 876 1642 Agricola
890 1566 1026 1628 militum
1040 1569 1133 1628 ardor
1147 1569 1220 1629 emi-

216 1670 320 1746 nebat,
336 1676 368 1729 et
388 1669 483 1730 finem
504 1670 653 1730 orationis
675 1671 785 1747 ingens
807 1671 952 1732 alacritas
974 1679 1141 1734 consecuta
1162 1655 1219 1747 est,
1235 1680 1263 1724 1⁰

217 1775 387 1853 statimque
404 1776 445 1835 ad
459 1793 546 1836 arma
560 1775 742 1837 discursum.
786 1777 958 1838 Instinctos
973 1779 1154 1858 ruentisque
1175 1780 1221 1842 ita

217 1880 382 1959 disposuit,
403 1886 439 1941 ut
460 1881 602 1959 peditum
625 1881 753 1958 auxilia,
775 1901 855 1960 quae
880 1889 949 1943 octo
974 1883 1097 1943 milium
1120 1891 1218 1960 erant,

216 1986 353 2046 mediam
372 1986 470 2047 aciem
489 1986 659 2063 firmarent,
674 1987 816 2065 equitum
830 1988 893 2048 tria
907 1988 996 2048 milia
1009 1989 1154 2050 cornibus
1169 1991 1220 2050 ad-

215 2091 432 2152 funderentur.
476 2092 629 2168 Legiones
643 2092 798 2170 provallo
812 2098 936 2166 stetere,
944 2093 1058 2170 ingens
1070 2094 1219 2155 victoriae
1279 2165 1282 2178 ,

216 2197 311 2257 decus
330 2197 410 2256 citra
429 2197 607 2258 Romanum
627 2197 811 2274 sanguinem
831 2198 980 2273 bellandi,
996 2204 1029 2258 et
1056 2199 1262 2275 auxilium,1s

216 2302 244 2361 si
273 2302 472 2380 pellerentur.
515 2283 739 2364 Britannorum
757 2304 838 2364 acies
858 2303 892 2362 in
914 2303 1049 2382 speciem
1069 2305 1163 2365 simul
1185 2325 1219 2366 ac

217 2389 366 2467 terrorem
394 2406 581 2468 editioribus
614 2408 691 2468 locis
724 2408 909 2470 constiterat
937 2409 991 2484 ita,
1019 2416 1056 2470 ut
1083 2410 1220 2488 primum

217 2530 328 2586 agmen
352 2512 387 2576 in
408 2531 515 2590 aequo,
538 2513 633 2572 ceteri
655 2531 711 2591 per
734 2514 855 2574 adclive
875 2515 983 2590 iugum
1004 2515 1113 2575 conexi
1133 2515 1219 2575 velut

217 2616 430 2694 insurgerent3
454 2617 558 2679 media
574 2619 677 2697 campi
698 2620 896 2696 covinnarius
918 2637 1012 2698 eques
1032 2621 1168 2698 strepitu
1184 2641 1219 2681 ac

217 2721 359 2782 discursu
386 2723 570 2800 complebat.
624 2726 703 2784 Turn
725 2725 873 2800 Agricola
894 2732 1061 2802 superante
1082 2726 1262 2787 hostiumac

217 2827 418 2888 multitudine
430 2829 558 2903 veritus,
574 2846 613 2888 ne
627 2829 661 2888 in
675 2829 811 2890 frontem
826 2831 919 2891 simul
935 2836 967 2890 et
981 2832 1080 2891 latera
1094 2850 1219 2892 suorum

187 2981 191 2990 .
217 2939 416 3010 pugnaretur,
445 2933 582 2995 diductis
619 2935 791 3011 ordinibus,
820 2955 1009 3013 quamquam
1048 2938 1219 3014 porrectior

216 3038 298 3097 acies
326 3038 435 3099 futura
459 3046 526 3100 erat
550 3045 583 3099 et
607 3041 807 3101 arcessendas
832 3041 974 3118 plerique
1002 3042 1141 3117 legiones
1169 3043 1220 3102 ad·
1274 3034 1276 3038 ⁴

216 3144 393 3218 monebant,
408 3145 613 3252 promptipr
597 3164 631 3204 m
649 3165 737 3224 spem
751 3152 783 3206 et
796 3146 905 3207 firmus
924 3147 1074 3222 adversis,
1090 3147 1220 3208 dimisso

216 3266 296 3326 equo
316 3250 413 3326 pedes
433 3255 507 3309 ante
528 3200 647 3310 vexilla
667 3251 818 3312 constitit.
914 3289 916 3295 ,
1092 3262 1095 3267 '
1232 3269 1261 3314 ac

256 3352 304 3414 36.
337 3353 385 3414 Ac
402 3353 503 3431 primo
518 3373 685 3431 congressu
705 3357 826 3417 eminus
847 3358 1039 3434 certabatur3
1063 3357 1218 3435 simulque

215 3459 401 3534 constantia,
418 3459 511 3520 simul
528 3467 595 3521 arte
614 3461 760 3522 Britanni
775 3463 956 3538 ingentibus
975 3463 1088 3538 gladiis
1106 3469 1137 3523 et
1154 3464 1218 3524 bre

215 3563 306 3624 vibus
321 3564 434 3625 caetris
449 3565 582 3626 missilia
592 3572 769 3626 nostrorum
781 3568 882 3628 vitare
893 3568 943 3627 vel
958 3574 1112 3643 excutere,
1124 3574 1218 3647 atque

206 3651 277 3746 'ipsi
299 3661 444 3746 magnam
464 3671 529 3730 vim
549 3671 682 3731 telorum
705 3673 939 3750 superfundere,
956 3675 1053 3733 donec
1071 3673 1220 3750 Agricola

120 3799 124 3806 ·
215 3775 406 3834 Batavomm
428 3775 569 3836 cohortes
590 3776 648 3836 tris
671 3795 705 3836 ac
727 3780 923 3852 Tungrorum
942 3779 1019 3838 duas
1039 3779 1218 3839 cohortatus
1231 3791 1261 3836 ao
