3000 4316
286 345 329 409 28
576 398 578 403 ,
603 355 632 404 P.
653 353 826 404 CORNELII
848 353 973 406 TAOITI

285 528 384 588 livore
397 547 530 607 pronum
540 526 747 587 deterioribus
762 525 935 604 prinoipem
946 527 1199 588 exstimulabant.
1237 529 1288 590 Sic

284 634 432 711 Agricola
456 633 550 694 simul
574 632 639 693 suis
660 632 841 707 virtutibus,
867 632 961 692 simul
982 632 1071 694 vitiis
1096 633 1229 694 aliorum
1253 635 1287 694 in

284 741 386 817 ipsam
400 739 530 815 gloriam
545 756 692 816 praeceps
708 738 865 813 agebatur.
893 777 947 842 ψ

322 844 372 906 42.
400 845 522 905 Aderat
542 844 605 904 iam
626 861 736 917 annus,
756 862 817 920 quo
837 843 1090 921 proconsulatum
1105 844 1233 905 Africae
1255 852 1288 908 et

255 951 380 1011 oAsiae
405 950 578 1022 sortiretur,
604 954 636 1008 et
660 949 761 1007 occiso
786 948 894 1008 Civica
917 967 1017 1027 nuper
1040 968 1097 1010 nec
1119 950 1286 1026 Agricolae

284 1055 449 1116 consilium
471 1055 578 1114 deerat
599 1071 655 1112 nec
676 1053 858 1112 Domitiano
879 1053 1064 1131 exemplum.
1117 1055 1286 1116 Accessere

284 1161 410 1239 quidam
431 1159 655 1235 cogitationum
677 1158 830 1236 principis
851 1159 954 1234 periti,
970 1159 1024 1235 qui
1043 1159 1186 1220 iturusne
1203 1167 1286 1221 esset

283 1266 318 1324 in
338 1265 532 1342 provinciam
551 1263 634 1322 ultro
648 1262 829 1338 Agricolam
843 1263 1080 1340 interrogarent.
1123 1266 1170 1325 Ac
1184 1265 1286 1343 primo

283 1370 434 1430 occultius
457 1370 596 1447 quietem
618 1374 650 1428 et
672 1368 771 1427 otium
796 1367 932 1442 laudare,
956 1387 1028 1427 mox
1049 1387 1174 1447 operam
1197 1389 1285 1430 suam

241 1477 317 1535 roin
344 1474 546 1554 adprobanda
573 1473 773 1533 excusatione
801 1473 921 1547 offerre,
948 1479 1104 1550 postremo
1131 1493 1193 1533 non
1221 1475 1285 1535 iam

283 1581 407 1642 obscuri
445 1580 611 1641 suadentes
647 1578 740 1638 simul
777 1584 991 1655 terrentesque
1027 1585 1206 1656 pertraxere
1244 1581 1285 1640 ad

283 1687 507 1747 Domitianum.
552 1685 613 1755 Qui
634 1689 761 1761 paratus
783 1683 992 1759 simulatione,
1013 1684 1047 1743 in
1068 1685 1283 1761 adrogantiam

283 1793 481 1870 compositus,
505 1796 537 1850 et
564 1790 666 1850 audiit
694 1806 799 1866 preces
825 1807 857 1849 se
879 1790 1057 1850 excusantis
1080 1797 1120 1864 ct,
1141 1810 1212 1851 cum
1233 1793 1285 1852 ad·

283 1899 412 1972 nuisset,
428 1897 479 1972 agi
499 1895 559 1956 sibi
579 1895 696 1971 gratias
716 1913 826 1972 passus
845 1900 902 1986 cst,
918 1913 974 1954 nec
995 1896 1120 1956 erubuit
1140 1897 1285 1958 beneficii

241 2018 269 2062 15
282 2004 410 2063 invidia.
458 2001 612 2062 Salarium
640 2006 746 2059 tamen
775 1999 993 2076 proconsulare
1023 2001 1149 2060 solitum
1178 2001 1283 2062 offerri

265 2104 315 2169 vct
336 2108 523 2186 quibusdam
545 2125 563 2165 a
584 2123 616 2165 se
638 2106 706 2182 ipso
725 2122 904 2164 concessum
921 2104 1087 2181 Agricolae
1106 2125 1168 2165 non
1185 2107 1283 2182 dedit,

283 2215 349 2274 sive
370 2214 508 2273 offensus
529 2231 592 2270 non
611 2211 756 2288 petitum,
779 2209 845 2270 sive
866 2227 905 2269 ex
925 2211 1125 2285 conscientia,
1139 2230 1178 2270 ne
1200 2213 1284 2289 quod

282 2325 425 2379 vetuerat
452 2318 611 2377 videretur
639 2315 760 2375 emisse.
814 2315 981 2392 Proprium
1008 2315 1138 2376 humani
1165 2316 1283 2392 ingenii

282 2430 331 2486 est
352 2425 454 2484 odisse
479 2440 573 2500 quem
596 2419 739 2481 laeseris:
769 2419 943 2480 Domitiani
968 2439 1041 2480 vero
1065 2427 1178 2481 natura
1199 2441 1285 2499 prae-

240 2547 270 2592 20
282 2549 355 2608 ceps
375 2530 409 2588 in
431 2530 518 2602 iram,
537 2533 569 2586 et
590 2545 652 2603 quo
672 2526 839 2600 obscurior,
860 2544 895 2585 eo
916 2525 1162 2601 inrevocabilior,
1182 2527 1284 2586 mode

283 2636 402 2696 ratione
426 2640 531 2693 tamen
556 2631 784 2710 prudentiaque
809 2631 973 2706 Agricolae
1002 2631 1185 2706 leniebatur,
1208 2633 1284 2710 quia

282 2761 345 2801 non
365 2737 560 2800 contumacia
578 2755 679 2815 neque
699 2737 785 2795 inani
804 2736 972 2796 iactatione
992 2736 1147 2797 libertatis
1165 2738 1283 2798 famam

282 2847 445 2924 fatumque
467 2843 661 2922 provocabat.
706 2841 822 2915 Sciant,
839 2842 953 2918 quibus
975 2842 1069 2901 moris
1091 2847 1140 2902 est
1161 2843 1284 2902 inlicita

282 2951 398 3025 mirari,
420 2967 511 3028 posse
532 2949 627 3008 etiam
649 2948 707 3008 sub
728 2946 821 3006 malis
841 2946 1034 3023 principibus
1054 2966 1182 3022 magnos
1197 2949 1282 3008 viros

239 3070 268 3114 25
282 3075 358 3130 esse,
374 3054 618 3132 obsequiumque
640 3071 675 3112 ac
696 3051 891 3126 modestiam,
914 3051 941 3110 si
963 3051 1118 3111 industria
1138 3071 1173 3112 ao
1195 3053 1283 3130 vigor

282 3161 395 3235 adsint,
419 3179 455 3218 eo
479 3158 582 3219 laudis
607 3157 781 3229 escendere,
809 3174 871 3234 quo
895 3156 1036 3233 plerique
1060 3176 1115 3234 per
1140 3156 1281 3234 abrupta,

282 3266 337 3326 sed
368 3266 402 3324 in
435 3264 556 3323 nullum
592 3263 638 3322 rei
672 3261 815 3340 publicae
849 3280 949 3336 usum,
985 3261 1150 3322 ambitiosa
1183 3267 1282 3321 morte

281 3371 502 3432 inclaruerunt.
609 3439 635 3490 J

575 3545 729 3608 Apeirola's
744 3546 832 3595 Dectlc
847 3544 892 3608 (93
904 3544 975 3609 am)

320 3689 369 3750 43.
399 3687 488 3747 Finis
514 3685 596 3746 vitae
622 3687 688 3746 eius
716 3685 806 3746 nobis
831 3685 1002 3760 luctuosus,
1032 3685 1141 3746 amicis
1168 3685 1280 3760 tristia,

239 3793 439 3854 coextraneis
460 3791 556 3851 etiam
577 3791 754 3868 ignotisque
776 3810 838 3849 non
860 3792 927 3852 sine
950 3810 1025 3850 cura
1045 3792 1116 3851 fuit.
1160 3791 1281 3867 Vulgus
