3000 4316
616 361 811 413 remcort.
1170 351 1210 416 27

209 555 304 596 auum
316 553 478 610 remeasse,
491 534 557 594 sive
569 551 677 592 verum
688 533 783 608 istud,
796 533 862 596 sive
873 551 911 593 ex
923 534 1049 610 ingenio
1059 534 1212 614 principis

209 640 319 700 fiotum
336 659 371 699 ac
390 639 597 717 compositum
615 643 670 698 est.
714 637 900 698 Tradiderat
922 638 1049 698 interim
1065 639 1213 716 Agricola

210 744 381 806 successori
409 763 465 804 suo
493 742 685 821 provinciam
710 743 849 820 quietam
876 748 1048 822 tutamque.
1097 745 1144 806 Ac
1171 764 1211 807 ne

210 849 359 910 notabilis
376 849 556 909 celebritate
574 854 607 908 et
623 848 801 925 frequentia
814 849 1042 910 occurrentium
1061 850 1210 913 introitus

210 961 302 1031 esset,
317 955 417 1015 vitato
438 954 607 1015 amicorum
627 953 727 1013 officio
747 959 843 1014 noctu
861 954 894 1013 in
918 955 1037 1030 urbem,
1058 962 1152 1016 noctu
1176 957 1238 1016 ins

210 1061 376 1134 Palatium,
402 1059 448 1120 ita
472 1065 507 1118 ut
534 1065 735 1137 praeceptum
763 1064 839 1135 erat,
864 1059 967 1136 venit;
1000 1067 1210 1140 exceptusque

210 1166 297 1227 brevi
316 1165 421 1226 osculo
436 1171 468 1225 et
482 1165 570 1224 nullo
584 1183 725 1226 sermone
745 1165 854 1226 turbae
876 1166 1080 1226 servientium
1100 1167 1211 1227 inmix-

210 1279 262 1332 tus
277 1277 332 1331 est.
376 1271 521 1331 Ceterum
532 1270 581 1330 uti
595 1269 732 1330 militare
746 1289 868 1346 nomen,
881 1290 974 1347 grave
988 1272 1071 1332 inter
1084 1271 1208 1348 otiosos,

209 1376 282 1437 aliis
303 1375 473 1436 virtutibus
495 1381 693 1453 temperaret,
715 1376 979 1454 tranquillitatem
1000 1383 1093 1455 atque
1111 1379 1209 1438 otium

181 1499 195 1518 ⁴
210 1483 336 1561 penitus
356 1479 472 1556 hausit,
495 1480 583 1540 cultu
604 1480 754 1555 modicus,
774 1499 915 1542 sermone
937 1483 1050 1558 facilis,
1072 1503 1134 1543 uno
1155 1491 1210 1545 aut
1223 1497 1252 1541 10

210 1587 309 1647 altero
323 1586 491 1646 amicorum
507 1585 683 1660 comitatus,
695 1587 772 1645 adeo
786 1592 822 1646 ut
836 1586 986 1665 plerique,
1001 1589 1115 1666 quibus
1128 1609 1210 1666 mag-

209 1711 266 1752 nos
284 1692 367 1752 viros
386 1709 442 1769 per
461 1690 663 1751 ambitionem
678 1690 843 1751 aestimare
857 1711 924 1752 mos
939 1698 995 1768 cst,
1006 1693 1074 1755 viso
1085 1695 1210 1773 adspec-

210 1809 305 1875 toque
316 1796 463 1873 Agricola
474 1802 659 1874 quaererent
672 1796 799 1870 famam,
812 1797 903 1874 pauci
917 1798 1207 1875 interpretarentur.

381 1985 441 2046 Lryc
459 1986 488 2032 ia
506 1984 676 2034 Retiremeat.
713 1983 833 2033 Attitudc
848 1984 881 2046 os
891 1984 1039 2036 Doaritiaa.

250 2107 299 2169 41.
329 2107 443 2169 Crebro
462 2125 519 2185 per
537 2125 589 2166 eos
608 2106 676 2167 dies
693 2108 777 2184 apud
798 2107 1012 2167 Domitianum
1033 2109 1143 2169 absens
1165 2130 1211 2169 ao-

211 2219 348 2288 eusatus,
360 2213 471 2273 absens
482 2212 643 2273 absolutus
655 2218 710 2273 est.
754 2213 857 2274 Causa
870 2213 1002 2290 periculi
1016 2233 1079 2273 non
1093 2215 1209 2274 crimen
1224 2227 1252 2271 15

208 2318 309 2377 ullum
321 2322 376 2378 aut
385 2314 526 2395 querella
535 2313 613 2375 laesi
621 2313 815 2392 cuiusquam,
823 2314 879 2376 sed
889 2314 1033 2376 infensus
1045 2316 1213 2377 virtutibus

211 2421 355 2500 princeps
376 2425 408 2480 et
428 2419 528 2496 gloria
547 2419 609 2478 viri
631 2438 667 2479 ac
689 2418 860 2497 pessimum
884 2419 1080 2478 inimieorum
1102 2439 1208 2495 genus,

211 2526 383 2586 laudantes.
432 2526 475 2584 Et
499 2543 535 2584 ea
558 2525 700 2585 insecuta
724 2530 799 2584 sunt
823 2525 868 2584 rei
893 2524 1035 2603 publicae
1060 2532 1209 2603 tempora,

211 2650 290 2708 quae
318 2630 404 2691 sileri
429 2630 608 2706 Agricolam
636 2649 699 2688 non
727 2631 882 2690 sinerent:
918 2636 966 2690 tot
994 2633 1148 2692 exereitus
1177 2632 1209 2690 in

211 2736 332 2796 Moesia
355 2735 514 2813 Daciaque
538 2740 570 2794 ct
595 2734 763 2796 Germania
787 2740 819 2794 et
845 2736 1009 2795 Pannonia
1035 2736 1211 2796 temeritate
1224 2752 1253 2796 ao
1301 2727 1309 2742 ’

211 2848 265 2901 aut
285 2859 341 2918 per
361 2840 521 2917 ignaviam
541 2840 656 2900 dueum
677 2839 793 2915 amissi,
816 2846 863 2900 tot
885 2841 1036 2902 militares
1058 2842 1118 2900 viri
1140 2860 1210 2900 cum

211 2952 259 3007 tot
282 2947 461 3007 cohortibus
490 2946 661 3024 expugnati
689 2951 721 3006 et
748 2946 849 3024 capti;
879 2965 934 3006 neo
959 2947 1021 3006 iam
1047 2949 1085 3006 de
1109 2947 1210 3007 limite

211 3052 335 3130 imperii
352 3057 384 3111 et
402 3051 479 3129 ripa,
495 3051 550 3111 sed
568 3052 607 3110 de
627 3050 767 3112 hibernis
789 3052 946 3127 legionum
966 3058 997 3111 et
1016 3053 1211 3130 possessione

211 3156 397 3217 dubitatum.
430 3156 482 3215 Ita
496 3175 566 3215 cum
581 3157 696 3216 damna
710 3157 832 3216 damnis
847 3156 1103 3217 continuarentur
1118 3165 1211 3236 atque

211 3261 313 3322 omnis
332 3281 432 3322 annus
456 3261 621 3322 funeribus
646 3267 678 3321 et
703 3260 844 3322 cladibus
870 3261 1084 3338 insigniretur,
1109 3283 1212 3341 posce
1225 3276 1253 3320 25

210 3369 302 3428 batur
334 3386 386 3427 ore
417 3367 505 3444 vulgi
534 3369 599 3427 dux
629 3366 784 3443 Agricola,
813 3369 1063 3446 comparantibus
1091 3371 1211 3431 eunctis

211 3471 350 3549 vigorem
362 3471 427 3554 [et]
441 3473 648 3533 constantiam
660 3480 692 3533 et
706 3481 867 3552 expertum
883 3473 960 3533 belli
981 3474 1120 3533 animum
1141 3493 1212 3534 cum

211 3579 327 3639 inertia
345 3583 377 3638 et
391 3577 560 3637 formidine
571 3583 750 3637 ceterorum.
793 3579 912 3649 Quibus
927 3580 1121 3641 sermonibus
1135 3582 1212 3641 satis

211 3689 335 3744 constat
349 3683 522 3743 Domitiani
538 3701 660 3760 quoque
676 3684 760 3742 auris
776 3685 963 3759 verberatas,
980 3686 1053 3744 dum
1076 3685 1213 3763 optimus

213 3788 344 3868 quisque
364 3788 544 3848 libertorum
566 3806 670 3847 amore
690 3794 721 3846 et
740 3787 810 3861 fide,
827 3789 955 3865 pessimi
970 3789 1167 3866 malignitate
1181 3796 1213 3851 et
1226 3803 1256 3850 ³0
