3000 4316
630 367 835 426 GERMANIA.
1190 362 1231 427 33

229 563 373 623 asperam
392 539 487 620 caelo,
509 537 641 605 tristem
655 544 742 606 crdtu
764 539 985 622 adspectulque,
1004 543 1065 603 uisi
1084 543 1110 604 si
1130 535 1233 621 patria

227 651 298 714 sit?
613 629 616 634 ⁵

270 731 649 816 Celebrantcarminibus
671 755 819 833 antiquis,
834 755 919 832 quod
938 775 1035 826 unum
1057 756 1139 834 apud
1159 756 1231 816 illos

229 849 396 920 memoriae
414 866 449 930 ¹et
471 859 631 920 annalium
653 879 749 936 genus
771 866 828 935 est,
844 860 1026 920 Tuistonem
1042 861 1134 920 deum
1148 869 1232 922 terra

229 967 349 1026 editum
363 972 395 1026 et
409 967 511 1025 filium
526 967 678 1026 Mannum
693 966 845 1042 originem
863 966 965 1042 gentis
984 967 1229 1044 conditoresque.
1245 980 1259 1024 5

229 1073 347 1131 Manno
361 1072 420 1132 tris
434 1071 516 1132 filios
531 1071 708 1147 adsignant,
724 1090 740 1130 e
756 1090 887 1148 quorum
902 1071 1080 1131 nominibus
1096 1047 1232 1149 proximi
1270 1045 1293 1064 ιο

230 1178 353 1238 Oceano
367 1178 570 1254 Ingaevones,
586 1177 682 1236 medii
697 1177 916 1251 Herminones,
932 1177 1029 1236 ceteri
1048 1178 1231 1238 Istaevones

229 1289 388 1343 vocentur.
431 1283 572 1358 Quidam,
595 1289 631 1343 ut
651 1283 685 1342 in
706 1274 835 1342 licentia
847 1283 1032 1357 «vetustatis,
1052 1283 1153 1360 pluris
1175 1284 1232 1344 deo
1307 1263 1309 1270 Ι

229 1395 323 1463 ortos,
338 1389 500 1471 plurisque
516 1389 620 1464 gentis
639 1388 876 1466 adpellationes,
892 1390 1014 1448 Marsos
1032 1389 1231 1449 Gambrivios

231 1494 348 1554 Suebos
382 1494 547 1554 Vandilios
582 1493 758 1566 adfirmant,
794 1481 891 1570 eaque
926 1513 1001 1552 vera
1035 1501 1066 1553 et
1102 1495 1232 1571 antiqua
1247 1509 1274 1554 ιο

229 1599 364 1659 nomina.
401 1599 545 1660 Ceterum
562 1598 749 1659 Germaniae
765 1598 948 1658 vocabulum
964 1617 1069 1659 recens
1085 1606 1117 1658 et
1131 1619 1231 1677 nuper

230 1705 319 1764 audit
306 1710 382 1779 tum,
397 1704 544 1782 quoniam
562 1705 629 1782 qui
632 1704 730 1781 primi
749 1704 896 1763 Rhenum
917 1705 1104 1782 transgressi
1123 1704 1231 1766 Gallos

230 1809 409 1887 expulerint
428 1809 479 1888 [ac
496 1829 579 1868 nunc
593 1799 746 1920 Tungri]
761 1816 837 1868 tunc
859 1810 1008 1870 Germani
1027 1811 1128 1869 vocati
1150 1809 1229 1870 sint:

230 1915 276 1975 ita
304 1915 439 1974 nationis
468 1934 590 1990 nomen,
612 1933 675 2032 ιιιιι
723 1913 804 1974 entis
762 1914 987 1975 tevaluisse
1012 1915 1107 1992 paula
1107 1915 1174 1991 tim,
1196 1921 1232 1974 ut

231 2039 337 2080 omues
352 2020 488 2097 primum
503 2037 521 2080 a
536 2020 653 2079 victore
668 2039 752 2078 om
721 1982 936 2094 meuldilmox
950 2021 1046 2080 etiam
1061 2039 1080 2080 a
1094 2039 1126 2080 se
1143 2021 1231 2098 ipsis,
1246 2035 1273 2079 15

231 2125 360 2184 invento
376 2125 508 2212 nomine,
525 2125 673 2186 Germani
689 2131 880 2184 vocarentur

272 2228 299 2289 3.
328 2230 439 2308 Fuisse
452 2205 544 2306 ¹apud
566 2249 618 2289 eos
636 2215 671 2288 'et
692 2230 862 2288 Herculem
885 2235 1067 2304 memorant.
1085 2230 1232 2308 primum-

231 2353 292 2413 que
316 2337 453 2394 omnium
479 2336 617 2394 virorum
642 2335 772 2395 fortium
797 2335 874 2394 ituri
902 2336 935 2393 in
962 2336 1082 2413 proelia
1106 2342 1229 2395 canunt.

232 2440 313 2500 Sunt
337 2440 402 2500 illis
426 2442 503 2500 haec
528 2429 657 2518 quoque
676 2441 823 2515 carmina,
849 2459 978 2518 qnorum
1004 2419 1115 2515 relatu,
1139 2460 1231 2519 quem

231 2546 390 2605 barditum
405 2552 535 2632 rocant,
558 2537 733 2606 accendunt
754 2547 883 2606 animosv
896 2546 1084 2624 futuraeque
1109 2565 1231 2625 pugnae
1245 2557 1275 2604 ιο

231 2652 390 2711 fortunam
407 2633 487 2729 ¹ipso
514 2657 609 2712 cantu
637 2657 845 2728 augurantur;
881 2658 1000 2712 terrent
1028 2652 1112 2712 enim
1139 2644 1233 2730 trepi-

231 2756 355 2832 dantve,
386 2762 478 2834 prout
507 2757 612 2818 sonuit
639 2757 730 2832 acies,
760 2775 816 2816 nec
843 2762 909 2816 tam
937 2757 1023 2817 vocis
1053 2758 1108 2817 ille
1139 2776 1232 2834 quam

230 2861 359 2922 virtutis
374 2867 542 2929 concentus
558 2863 690 2922 videtur.
734 2862 922 2922 Adfectatur
940 2863 1104 2941 praecipue
1120 2863 1234 2940 asperi-

231 2972 280 3027 tas
302 2967 371 3027 soni
391 2973 423 3026 et
444 2967 580 3027 fractum
604 2987 753 3042 murmur,
776 2968 905 3028 obiectis
928 2970 967 3027 ad
988 2989 1021 3028 os
1044 2968 1149 3042 scutis,
1172 2987 1234 3046 quo

231 3071 353 3148 plenior
370 3078 402 3132 et
423 3073 546 3148 gravior
563 3092 624 3132 vox
646 3066 830 3150 repercussu
848 3074 1044 3134 intumescat.
1088 3075 1233 3134 Ceterum
1246 3087 1275 3132 25

231 3182 263 3236 et
278 3176 397 3238 Ulixen
411 3177 539 3254 quidam
554 3177 723 3256 opinantur
738 3178 831 3255 longo
850 3178 906 3238 illo
925 3185 957 3238 et
973 3178 1117 3238 fabuloso
1131 3197 1233 3238 errore

232 3282 266 3340 in
298 3269 383 3342 hunc
411 3284 568 3344 Oceanum
601 3284 740 3344 delatum
775 3283 877 3344 adisse
910 3285 1096 3362 Germaniae
1123 3289 1233 3359 terras,

232 3387 523 3482 Asciburgiumque‚
553 3389 671 3466 quod
663 3409 697 3447 ιιι
725 3389 794 3466 ripa
821 3389 997 3448 Rhenit
955 3390 997 3449 sit
998 3409 1051 3448 um
1079 3389 1234 3466 hodieque

231 3469 388 3568 incolitur,
404 3495 443 3553 ab
460 3493 516 3553 illo
535 3512 609 3554 cons
611 3495 741 3554 titutum
759 3495 901 3556 nominat
904 3513 1034 3572 nmque;
1057 3513 1143 3554 aram
1157 3494 1234 3570 quin

232 3597 329 3659 etiam
347 3598 438 3659 Ulixi
456 3605 676 3673 consecratam,
692 3581 813 3659 adiecto
833 3601 964 3659 Laertae
978 3599 1078 3678 patris
1097 3598 1232 3674 nomine,
1247 3615 1277 3661 30

232 3705 342 3764 eodem
364 3705 432 3764 loco
456 3705 531 3764 olim
558 3711 724 3783 repertam,
747 3710 1009 3782 monumentaque
1038 3711 1069 3764 et
1097 3704 1234 3766 tumulos

233 3811 384 3887 quosdam
400 3811 526 3872 Graecis
541 3810 657 3870 litteris
672 3810 840 3888 inscriptos
855 3809 888 3868 in
903 3809 1037 3869 confinio
1048 3809 1235 3872 Germaniae
1285 3795 1287 3798 ’
