3000 4316
619 380 817 432 aerisona
1179 371 1220 438 17

217 555 337 633 populi,
352 560 465 631 paratu
479 571 599 628 magno,
615 553 731 614 maiore
749 554 843 628 lama,
858 552 907 612 uti
926 573 993 614 mos
1013 560 1061 616 est
1080 555 1118 614 de
1137 555 1222 631 igno

217 661 270 735 tis,
297 677 475 738 oppugnare
501 659 586 719 ultro
613 659 744 720 castella
771 659 882 734 adorti,
909 664 1027 719 metum
1054 666 1091 720 ut
1115 679 1221 738 provo

218 771 324 826 cantes
339 765 542 841 addiderant3
571 765 870 843 regrediendumque
891 765 972 825 citra
992 766 1175 826 Bodotriam
1189 772 1221 826 et

219 871 431 931 excedendum
453 869 557 947 potius
575 889 668 947 quam
684 870 877 947 pellerentur
900 870 1006 945 ignavi
1030 871 1132 948 speeie
1152 891 1222 949 pru·

219 977 361 1037 dentium
376 973 594 1050 admonebant,
609 993 680 1034 cum
698 975 824 1034 interim
838 976 996 1050 cognoscit
1010 975 1112 1036 hostis
1127 976 1249 1053 pluri-o

219 1082 277 1142 bus
292 1079 468 1158 agminibus
483 1079 673 1157 inrupturos.
724 1080 772 1140 Ao
791 1099 830 1139 ne
854 1086 1020 1163 superante
1042 1100 1171 1142 numero
1190 1089 1222 1142 et

220 1187 334 1265 peritia
351 1186 489 1245 locorum
507 1185 732 1260 circumiretur,
748 1185 850 1246 diviso
865 1190 897 1246 et
915 1185 983 1263 ipse
1000 1186 1034 1245 in
1049 1187 1107 1248 tris
1122 1187 1222 1265 partis

221 1291 358 1352 exercitu
372 1292 509 1353 incessit.

260 1396 307 1460 26.
333 1398 424 1468 Quod
440 1398 494 1458 ubi
516 1395 674 1472 cognitum
695 1395 789 1470 hosti,
801 1400 922 1456 mutato
943 1402 1071 1474 repente
1092 1397 1223 1457 consilio

220 1502 360 1562 universi
387 1521 502 1562 nonam
527 1501 690 1576 legionem,
710 1506 747 1559 ut
771 1501 907 1561 maxime
931 1501 1112 1577 invalidam,
1132 1509 1265 1564 noctem

222 1607 370 1682 adgressi,
398 1607 481 1666 inter
506 1625 650 1666 somnum
674 1623 710 1666 ao
733 1606 975 1684 trepidationem
1000 1607 1098 1668 eaesis
1122 1607 1224 1684 vigili-

221 1713 279 1774 bus
293 1712 447 1789 inrupere.
491 1711 621 1788 lamque
644 1711 678 1769 in
700 1710 779 1788 ipsis
800 1711 912 1772 castris
932 1713 1137 1789 pugnabatur,
1152 1731 1223 1773 eum

222 1817 369 1893 Agricola
386 1817 447 1877 iter
467 1816 606 1876 hostium
627 1815 666 1875 ab
687 1816 936 1893 exploratoribus
957 1818 1085 1878 edoctus
1107 1823 1138 1877 et
1159 1837 1224 1878 ves-

221 1922 309 1998 tigiis
337 1921 506 1994 insecutus,
535 1920 747 1982 velocissimos
775 1921 916 1998 equitum
944 1922 1146 1999 peditumque
1174 1924 1225 1983 ad-

222 2026 340 2088 sultare
357 2027 453 2103 tergis
474 2026 682 2104 pugnantium
705 2025 800 2101 iubet,
816 2045 887 2086 mox
907 2027 946 2086 ab
965 2027 1120 2087 universis
1142 2027 1224 2087 adioi
1238 2042 1266 2086 15

222 2134 405 2207 clamorem;
427 2138 459 2202 et
475 2132 653 2210 propinqua
666 2132 734 2192 luce
756 2133 874 2192 fulsere
896 2132 992 2208 signa.
1030 2133 1082 2192 Ita
1092 2133 1225 2211 ancipiti

222 2238 304 2298 malo
332 2226 436 2298 territi
470 2237 631 2312 Britanni3
668 2243 699 2296 et
726 2237 878 2298 Romanis
908 2237 1001 2297 rediit
1028 2237 1159 2313 animus,
1189 2257 1224 2298 ao

223 2342 323 2403 securi
338 2362 394 2420 pro
409 2341 509 2403 saluto
524 2343 562 2402 de
582 2342 681 2419 gloria
702 2343 870 2402 certabant.
916 2343 1010 2404 Ultro
1032 2343 1108 2420 quin
1129 2343 1222 2402 etiam

223 2467 360 2525 erupere,
381 2453 413 2507 et
433 2447 497 2508 fuit
518 2454 607 2508 atrox
628 2447 662 2506 in
683 2447 761 2525 ipsis
782 2453 941 2525 portarum
965 2447 1118 2524 angustiis
1140 2467 1226 2527 proe-

222 2553 310 2628 lium,
330 2554 428 2612 donee
449 2553 533 2630 pulsi
547 2553 663 2626 hostes,
685 2558 817 2630 utroque
839 2553 977 2613 exercitu
993 2559 1142 2629 certante,
1164 2554 1223 2629 his,
1238 2569 1267 2614 20

223 2664 259 2717 ut
289 2659 401 2718 tulisse
436 2677 534 2735 opem,
560 2658 634 2731 illis,
662 2676 701 2716 ne
734 2657 856 2734 eguisse
888 2657 1005 2717 auxilio
1036 2658 1223 2719 viderentur.-

222 2761 311 2832 Quod
331 2761 394 2822 nisi
411 2761 542 2839 paludes
564 2767 596 2821 et
618 2762 715 2821 silvae
736 2761 889 2838 fugientis
912 2763 1074 2838 texissent,
1091 2765 1224 2824 debella»

222 2872 290 2926 turn
305 2866 362 2926 illa
376 2866 508 2925 victoria
521 2867 611 2924 foret.

262 2970 310 3032 2⁷.
340 2971 437 3032 Cuius
463 2971 653 3031 conscientia
677 2990 712 3031 ao
737 2971 823 3032 fama
847 2972 937 3032 ferox
961 2973 1116 3034 exercitus
1141 2974 1221 3033 nihil

221 3077 333 3137 virtuti
364 3095 438 3137 suae
469 3076 590 3135 invium
625 3082 657 3136 et
691 3078 915 3154 penetrandam
947 3078 1146 3139 Caledoniam
1179 3080 1223 3138 in·
1236 3093 1265 3138 25

222 3182 472 3260 veniendumque
500 3183 628 3242 tandem
659 3182 842 3242 Britanniae
873 3185 1043 3243 terminum
1074 3185 1222 3246 continuo

221 3287 408 3365 proeliorum
429 3307 522 3348 eursu
542 3287 726 3348 fremebant.
769 3289 875 3365 Atque
897 3289 946 3347 illi
967 3291 1059 3349 modo
1080 3291 1165 3350 cauti
1186 3309 1221 3351 aa

221 3393 379 3470 sapientes
408 3392 546 3470 prompti
574 3398 646 3470 post
671 3399 818 3452 eventum
842 3412 878 3453 ac
903 3394 1097 3471 magniloqui
1122 3401 1219 3456 erant.

220 3497 426 3575 Iniquissima
446 3499 522 3558 haee
540 3499 691 3557 bellorum
709 3499 851 3558 condicio
866 3506 930 3560 est:
953 3519 1102 3577 prospera
1115 3519 1221 3568 omnes

220 3603 281 3664 sibi
309 3603 479 3677 vindicant,
505 3604 636 3664 adversa
663 3604 718 3663 uni
745 3605 948 3682 imputantur.
1002 3607 1046 3664 At
1075 3605 1264 3665 Britannia)

220 3727 283 3767 non
303 3709 420 3768 virtute
446 3728 488 3784 se,
510 3710 565 3768 sed
590 3710 750 3769 occasione
775 3715 806 3769 et
831 3715 897 3770 arte
919 3710 1007 3770 dueis
1029 3711 1128 3770 victos
1150 3711 1220 3787 rati,

220 3813 300 3872 nihil
329 3833 368 3874 ex
396 3815 579 3892 adrogantia
607 3814 774 3890 remittere,
804 3834 866 3892 quo
893 3815 997 3876 minus
1026 3815 1220 3876 iuventutem
