3000 4316
285 317 328 381 24
599 330 627 378 r.
654 329 828 378 coannnrr
851 328 975 380 raom

284 506 340 575 est,
359 507 395 559 ut
414 519 478 559 rem
501 501 540 560 ad
561 519 722 560 mucrones
740 519 775 560 ac
794 519 905 561 manus
925 501 1130 578 adducerent3
1153 503 1237 580 quod
1255 510 1288 563 et

283 607 362 684 ipsis
377 611 534 666 vetustate
555 605 687 666 militiae
707 607 911 666 exercitatum
931 613 963 666 et
981 607 1123 668 hostibus
1138 608 1286 683 inhabile,

284 729 382 788 parva
396 717 485 770 scuta
496 717 528 770 ct
539 711 673 771 enormis
692 711 812 786 gladios
825 712 1021 788 gerentibus3
1037 731 1110 772 nam
1122 713 1287 773 Britanno

283 836 353 875 rum
372 816 469 892 gladii
489 817 555 876 sine
575 835 720 875 mucrone
735 817 931 894 complexum
945 835 1101 877 armorum
1118 823 1151 877 et
1167 818 1201 877 in
1218 824 1287 878 arto

255 934 420 999 spugnam
439 941 501 980 non
518 921 701 980 tolerabant.
753 922 856 996 Igitur
870 927 906 981 ut
920 923 1033 982 Batavi
1048 923 1178 984 miscere
1194 922 1285 999 ictus,

282 1027 377 1086 ferire
406 1027 601 1098 umbonibus,
627 1045 681 1084 ora
709 1028 824 1100 fodere,
850 1032 883 1086 ct
910 1028 1018 1088 stratis
1047 1027 1159 1105 quiin
1187 1047 1287 1106 aequo

134 1135 137 1140 '
199 1165 201 1168 ·
283 1131 481 1205 adstiterant,
497 1132 615 1205 erigere
639 1131 673 1190 in
695 1130 785 1191 collis
813 1132 911 1191 aciem
936 1150 1072 1210 coepere,
1095 1139 1215 1193 ceterae
1240 1153 1287 1194 co

283 1236 388 1296 hortes
403 1237 610 1296 aemulatione
631 1242 662 1294 et
684 1236 803 1313 impetu
822 1235 946 1296 conisae
967 1238 1125 1315 proximos
1146 1256 1286 1348 qposque

282 1343 427 1402 caedere:
446 1361 492 1401 ac
513 1342 654 1419 plerique
676 1343 846 1402 semineces
868 1347 923 1402 aut
943 1343 1058 1418 integri
1079 1301 1285 1405 feiiinaticne

241 1463 269 1507 10
282 1448 431 1507 victoriae
453 1447 718 1524 relinquebantur.
769 1447 902 1507 Interim
931 1448 1072 1526 equitum
1097 1455 1226 1524 turmae,
1248 1456 1285 1510 ut

282 1553 391 1628 fugere
406 1552 588 1626 covinnarii,
600 1552 741 1630 peditum
753 1571 785 1611 se
797 1553 916 1630 proelio
930 1553 1090 1613 miscuere.
1126 1553 1169 1614 Et
1179 1573 1286 1632 quam-

282 1675 376 1734 quam
386 1663 542 1717 recentem
553 1663 701 1717 terrorem
714 1657 895 1731 intulerant,
908 1657 1014 1718 densis
1025 1664 1130 1718 tamen
1144 1659 1284 1719 hostiurn

282 1763 458 1839 agminibus
484 1769 515 1821 et
537 1762 754 1839 inaequalibus
777 1762 854 1823 locis
877 1762 1063 1840 haerebant3
1093 1763 1285 1843 minimeque

282 1870 409 1945 tesqua
425 1868 541 1928 nostris
556 1871 618 1926 iam
634 1885 756 1944 pugnae
773 1867 871 1927 facies
888 1874 964 1942 erat,
980 1886 1050 1927 cum
1066 1871 1185 1947 taegre
1201 1869 1284 1930 clivo

241 1992 268 2038 15
280 1973 436 2034 instantes
461 1973 554 2032 simul
579 1990 729 2049 equorum
754 1973 934 2050 corporibus
962 1973 1214 2051 impellerentur,
1247 1993 1284 2035 ac

281 2097 373 2157 saepe
387 2079 460 2154 vagi
474 2097 592 2151 currus,
607 2077 750 2137 exterriti
767 2078 834 2137 sine
849 2078 1021 2138 rectoribus
1036 2077 1116 2156 equi,
1128 2084 1165 2138 ut
1178 2097 1283 2157 quem·

281 2203 341 2262 que
354 2185 490 2245 formido
504 2184 629 2258 tulerat,
644 2189 839 2244 transversos
854 2190 909 2244 aut
923 2184 1030 2244 obvios
1045 2183 1276 2268 incursabant(

320 2289 368 2351 37.
397 2291 441 2349 Et
455 2289 609 2362 Britanni,
622 2289 677 2366 qui
688 2289 790 2348 adhuc
802 2306 923 2366 pugnae
935 2296 1080 2367 expertes
1092 2267 1214 2350 summa
1223 2289 1284 2350 col-

279 2394 357 2456 lium
372 2395 552 2456 insederant
567 2400 598 2453 et
613 2394 801 2472 paucitatem
816 2400 992 2455 nostrorum
1016 2393 1138 2477 [vacui]
1160 2413 1283 2473 sperne

237 2501 365 2576 dobant,
390 2501 518 2577 degredi
545 2499 698 2578 paulatim
722 2506 755 2559 et
782 2499 945 2559 circumire
973 2506 1062 2576 terga
1090 2500 1282 2560 vincentium

280 2611 455 2685 coeperant,
466 2605 500 2664 ni
514 2605 548 2664 id
562 2606 666 2682 ipsum
681 2605 799 2664 veritus
814 2603 962 2682 Agricola
975 2611 1123 2683 quattuor
1140 2605 1282 2683 equitum

279 2711 355 2786 alas,
377 2712 417 2771 ad
440 2711 545 2770 subita
572 2709 647 2769 belli
676 2715 823 2783 retentas,
848 2707 1049 2770 venientibus
1073 2711 1280 2788 opposuisset,

279 2822 459 2895 quantoque
486 2815 622 2874 ferocius
647 2815 858 2888 adcurrerant,
880 2819 969 2874 tanto
992 2815 1093 2875 acrius
1116 2815 1223 2893 pulsos
1246 2815 1281 2874 in

278 2922 387 2998 fugam
409 2921 592 2981 disiecisset.
635 2919 688 2979 Ita
708 2917 874 2980 consilium
897 2919 1119 2980 Britannorum
1140 2920 1174 2980 in
1195 2921 1281 2998 ipsos

236 3045 265 3090 25
278 3045 413 3102 versum,
427 3029 685 3102 transvectaeque
703 3029 868 3102 praecepto
883 3024 972 3084 ducis
987 3043 1006 3084 a
1023 3026 1128 3085 fronte
1142 3043 1282 3102 pugnan-

277 3133 358 3192 tium
376 3132 445 3192 alae
467 3149 609 3191 aversam
630 3129 769 3190 hostium
791 3129 889 3190 aciem
910 3129 1061 3191 invasere.
1104 3132 1183 3189 Tum
1206 3149 1281 3191 vero

278 3237 457 3316 patentibus
472 3235 549 3296 locis
569 3235 686 3311 grande
700 3240 732 3294 et
747 3240 836 3294 atrox
851 3235 1079 3312 spectaculum:
1103 3235 1200 3312 sequi,
1216 3236 1282 3295 vul-

277 3361 394 3416 nerare,
411 3359 530 3419 capere,
545 3346 640 3418 atque
655 3339 779 3400 cosdem
793 3339 908 3400 oblatis
923 3339 995 3399 aliis
1010 3340 1174 3400 trucidare.
1210 3341 1278 3400 Iam

277 3447 424 3522 bostium,
436 3451 528 3524 prout
542 3445 654 3523 cuique
668 3444 829 3520 ingenium
844 3449 919 3520 erat,
931 3450 1074 3504 catervae
1088 3451 1280 3505 armatorum

235 3573 264 3620 30
276 3552 475 3633 paucioribus
487 3556 582 3628 terga
599 3556 766 3628 praestare,
783 3549 910 3626 quidam
930 3550 1064 3610 inermes
1085 3550 1169 3610 ultro
1190 3569 1280 3610 ruere

276 3678 312 3720 ac
333 3677 366 3720 se
386 3656 481 3718 morti
502 3656 621 3716 offerre.
668 3655 790 3715 Passim
813 3673 899 3715 arma
923 3661 955 3715 et
975 3674 1104 3734 corpora
1128 3661 1160 3715 ct
1183 3655 1280 3716 laceri

277 3770 363 3825 artus
386 3773 418 3824 ct
439 3768 568 3822 cruenta
587 3761 717 3836 humus3
748 3766 779 3819 et
802 3759 971 3838 aliquando
995 3761 1091 3820 etiam
1115 3760 1209 3821 victis
1230 3760 1280 3820 ira
