3000 4316
267 351 309 416 18
581 360 609 408 P.
631 358 803 409 CORNELII
826 358 951 409 TAClTl

268 537 434 607 armarent,
453 532 600 607 coniuges
622 550 657 591 ac
677 531 792 592 liberos
814 532 848 590 in
868 532 937 591 loca
956 537 1028 592 tuta
1051 533 1269 607 transferrent,

268 638 407 698 coetibus
422 654 457 697 ac
473 635 633 697 sacrificiis
647 637 910 714 conspirationem
924 636 1088 697 civitatum
1103 637 1268 698 sancirent.

269 743 374 820 Atque
394 743 441 802 ita
461 741 599 802 inritatis
620 742 777 818 utrimque
797 742 910 803 animis
927 742 1106 803 discessum.

511 923 662 974 Adventare
680 925 713 986 os
725 924 768 974 tte
792 925 904 987 Umpiov
921 923 1028 975 Oobort.

310 1055 358 1116 28.
381 1057 500 1116 Eadem
527 1061 645 1116 aestate
676 1056 784 1116 cohors
813 1056 983 1133 Usiporum
1008 1074 1064 1133 per
1085 1057 1270 1118 Germanias

243 1177 257 1222 5
270 1161 446 1238 conscripta
459 1167 491 1220 et
505 1161 539 1219 in
553 1161 749 1221 Britanniam
766 1161 952 1221 transmissa
968 1180 1114 1238 magnum
1129 1179 1164 1221 ao
1179 1179 1271 1220 mem·

271 1266 387 1326 orabile
402 1266 525 1326 facinus
540 1285 616 1326 ausa
629 1272 685 1326 est.
728 1265 837 1326 Occiso
858 1266 1038 1325 centurione
1059 1283 1094 1326 ac
1115 1265 1271 1327 militibus

272 1365 327 1449 q'ui
348 1373 388 1432 ad
409 1372 592 1431 tradendam
613 1371 812 1448 disciplinam
833 1372 960 1430 inmixti
980 1371 1150 1449 manipulis
1172 1389 1272 1430 exem·

271 1477 359 1554 plum
375 1483 407 1537 et
424 1482 559 1537 rectores
580 1476 784 1551 habebantur,
805 1476 864 1536 tris
885 1477 1054 1537 liburnicas
1075 1477 1194 1536 adactis
1215 1495 1272 1554 per

271 1582 336 1641 vim
361 1582 619 1658 gubernatoribus
641 1582 824 1658 ascendere;
847 1588 879 1641 et
899 1601 961 1641 uno
981 1587 1064 1641 retro
1089 1581 1271 1657 remigante,

230 1706 259 1752 10
272 1688 426 1765 suspectis
462 1688 582 1747 duobus
619 1706 716 1764 eoque
750 1687 935 1762 interfectis,
971 1687 1109 1747 nondum
1143 1686 1272 1762 vulgato

271 1813 394 1855 rumore
417 1800 454 1854 ut
475 1792 659 1853 miraculum
681 1792 958 1870 praevehcbantur.
1001 1793 1076 1852 Mox
1098 1792 1137 1851 sd
1159 1809 1273 1868 aquan-

272 1901 347 1959 dum
361 1905 454 1976 atque
469 1898 562 1958 utilia
575 1902 701 1975 raptum
715 1898 832 1973 egressi
847 1903 878 1957 et
892 1917 962 1957 cum
977 1897 1136 1975 plerisque
1150 1896 1272 1956 Britan-

272 2024 381 2064 norum
417 2023 473 2064 sua
507 2003 739 2063 defensantium
774 2002 893 2080 proelio
927 2003 1085 2078 congressi
1114 2021 1149 2062 ac
1179 2021 1271 2080 saepe

272 2111 415 2186 victores,
431 2109 599 2186 aliquando
613 2107 705 2185 pulsi,
718 2126 754 2167 eo
768 2108 808 2168 ad
823 2113 996 2168 extremum
1011 2107 1134 2185 inopiae
1149 2125 1271 2183 venere,

230 2229 258 2275 15
271 2222 307 2275 ut
328 2214 556 2274 infirmissimos
579 2231 714 2288 suorum,
735 2232 807 2272 mox
829 2218 911 2273 sorte
933 2213 1041 2273 ductos
1062 2217 1269 2272 vescerentur.

272 2321 377 2397 Atque
388 2321 433 2380 ita
450 2317 650 2378 circumvecti
671 2317 878 2393 Britanniam,
894 2317 1019 2378 amissis
1040 2336 1095 2396 per
1115 2317 1273 2377 inscitiam

272 2425 400 2500 regendi
433 2424 575 2498 navibus,
604 2441 660 2501 pro
694 2423 903 2501 praedonibus
938 2422 1049 2497 habiti,
1083 2423 1219 2501 primum
1254 2441 1274 2482 a

273 2530 392 2605 Suebis
407 2548 479 2588 mox
493 2548 512 2588 a
525 2528 637 2588 Frisiis
651 2527 818 2605 intercepti
833 2533 914 2588 sunt.
958 2528 1005 2587 Ac
1019 2527 1107 2587 fuere
1122 2547 1199 2606 quos
1216 2545 1272 2605 per

273 2633 447 2694 conmercia
461 2634 665 2693 venumdatos
680 2639 712 2710 et
729 2634 764 2692 in
780 2639 919 2693 nostram
933 2651 1032 2710 usque
1053 2633 1153 2710 ripam
1174 2638 1273 2692 muta»

230 2755 259 2801 oc
271 2739 357 2799 tione
371 2739 541 2798 ementium
556 2739 706 2798 adductos
720 2738 872 2798 indicium
887 2739 968 2799 tanti
980 2753 1069 2799 casus
1080 2738 1270 2798 inlustravit.

567 2921 662 2972 Reoolt
680 2921 713 2983 os
724 2920 767 2970 tte
789 2919 978 2972 Caledoniam.

312 3052 359 3114 29.
390 3053 487 3112 Initio
512 3053 642 3114 aestatis
671 3052 816 3130 Agricola
840 3052 1009 3112 domestico
1030 3049 1158 3111 vulnere
1180 3051 1270 3127 ictus,

272 3177 352 3218 enno
372 3163 444 3218 ante
465 3164 572 3218 natum
591 3157 692 3217 filium
714 3157 828 3218 amisit.
871 3158 970 3228 Quem
992 3176 1097 3218 casum
1118 3162 1273 3234 nequent

271 3262 413 3341 plerique
434 3263 564 3322 fortium
586 3263 724 3322 virorum
746 3263 918 3338 ambitiose,
934 3280 1034 3340 neque
1056 3279 1111 3339 per
1135 3261 1273 3322 lamenta

270 3387 378 3428 rursus
400 3387 435 3427 ac
455 3386 625 3427 maerorem
636 3368 831 3428 muliebriter
842 3367 926 3443 tulit,
939 3368 994 3428 sed
1005 3368 1038 3427 in
1052 3367 1140 3427 luctu
1153 3366 1272 3426 bellum

228 3490 256 3534 25
270 3474 353 3533 inter
374 3474 513 3533 remedia
529 3479 603 3532 crat.
647 3474 751 3550 Igitur
769 3473 941 3551 praemissa
959 3472 1058 3533 classe
1078 3490 1157 3550 quae
1177 3471 1272 3549 pluri·

270 3579 327 3638 bus
345 3578 420 3638 locis
438 3578 587 3655 praedata
600 3597 746 3655 magnum
762 3584 794 3637 et
812 3579 965 3638 incertum
978 3583 1129 3637 terrorem
1143 3577 1270 3651 faceret,

270 3677 425 3761 expedito
439 3683 586 3757 exercitu,
602 3683 651 3742 cui
673 3703 711 3743 ex
734 3683 894 3742 Britannis
915 3683 1104 3743 fortissimos
1126 3687 1158 3741 et
1179 3681 1272 3757 longa

270 3801 345 3864 pace
357 3788 535 3865 exploratos
547 3788 718 3862 addiderat,
731 3789 771 3847 ad
782 3794 919 3846 montem
932 3787 1105 3866 Graupium
1117 3787 1269 3865 pervenit,
